|0000|013|0|01012019|31012019|PLASTFOAM IND E COM DE PLASTICOS LTDA|71780456000160||SP|336546371113|3518800|184394||A|0|
|0001|0|
|0005|PLASTFOAM  MATRIZ|07220010|R SANTANA DE IPANEMA|875|ANTI. 1043|CIDADE INDL SATELITE DE SP|01124130260|01124130261|jose.antonio@plastfoam.com.br|
|0100|JOSE ANTONIO ALVES MARTINS|04323312806|1SP143499/O-0||07220010|RUA SANTANA DE IPANEMA|875|ANTIGO 1043|CIDADE INDL SAT SAO PAULO|1124130260|1124130260|jose.antonio@plastfoam.com.br|3518800|
|0150|002073|MOTO HONDA DA AMAZONIA LTDA|01058|04337168000652||353133461111|3520509||ESTRADA ANGELO TREVISAN CICILIATO|200||JD. OLIVEIRA CAMARGO|
|0150|002146|HONDA AUTOMOVEIS DO BRASIL LTDA|01058|01192333000394||671087530117|3552403||ESTRADA MUNIC VALENCIO CALEGARI|777|DIST NOVA VENEZA|SANTO ANTONIO DIST NOVA VENEZA|
|0150|002271|BRASLAB PRODUTOS OTICOS EIRELLI|01058|11511163000155||148983361116|3550308||RUA ALEGRIA|300||BRAS|
|0150|1029|ESD ANTIESTATICOS COMERCIAL E INDUSTRIAL LTDA|01058|09145598000181||626744270114|3547809||RUA BARBARA HELIODORA|296|300|UTINGA|
|0150|1035|SANTISTA COMERCIAL DE EMBALAGENS LTDA.|01058|09325695000156||633662346116|3548500||RUA JOAO PESSOA|462||PAQUETA|
|0150|1098|CARL ZEISS VISION BRASIL INDUSTRIA OPTICA LTDA|01058|28826394000908||84694940|3303906||RUA LUIS WINTER|222||DUARTE DA SILVEIRA|
|0150|1157|BRUDDEN EQUIPAMENTOS LTDA|01058|43061654000138||548003750119|3540002||AVENIDA INDUSTRIAL|700||DISTRITO INDUSTRIAL|
|0150|1219|WURTH DO BRASIL PECAS DE FIXACAO LTDA|01058|43648971000155||278024442113|3513009||RUA ADOLF WURTH|557||JD SAO VICENTE|
|0150|1249|SAMPLA DO BRASIL INDUSTRIA E COMERCIO DE CORREIAS LTDA|01058|44339679000113||188097479111|3503901||ROD PEDRO EROLES SP 88 KM 33|930||CAPUTERA|
|0150|1261|MIBA SINTER BRASIL LTDA|01058|45542453000188||353013917115|3520509||R OD SANTOS DUMONT KM 572|57|RODOVIA SP 75|TOMBADOR|
|0150|1286|ENCO IND. COM. IMP. EIRELI EPP|01058|46325205000148||109370822115|3550308||R DO MANIFESTO|2951||IPIRANGA|
|0150|1342|CONTINENTAL BRASIL INDUSTRIA AUTOMOTIVA LTDA|01058|48754139000157||336244296118|3518800||AV SENADOR ADOLF SCHINDLING|131||VILA ENDRES|
|0150|1388|ALFA INSTRUMENTOS ELETRONICOS LTDA|01058|50632017000130||110091589118|3550308||RUA CELMARIO DE AZEVEDO|138||LIMAO|
|0175|29012019|03|ALFA INSTRUMENTOS ELETRONICOS SA|
|0175|29012019|10|CEL MARIO DE AZEVEDO|
|0150|1401|PLASCAR INDUSTRIA DE COMPONENTES PLASTICOS LTDA|01058|50935576000119||407081560119|3525904||AV WILHELM WINTER|300||DISTR. INDUSTRIAL|
|0150|1500|SOMA SOLUCOES MAGNETICAS INDUSTRIA E COMERCIO LTDA|01058|54472873000126||581018726110|3543303||AV. ENGENHEIRO EUGENIO LORENZETTI|78||BARRO BRANCO|
|0150|1520|HELSTEN IND.COM. DE FACAS E FERRAMENTAS LTDA|01058|54760111000125||111295504114|3550308||RUA CACHOEIRA DA ILHA|445|447|ITAQUERA|
|0150|1525|PARKER HANNIFIN IND COM LTDA|01058|54823455000560||112673247111|3550308||ROD ANHANGUERA TREVO PERUS|25|KM 25.3|PERUS|
|0150|1531|MAQUINAS AGRICOLAS JACTO S.A.|01058|55064562000190||548001093117|3540002||RUA DR LUIZ MIRANDA|1650||PIRAJA|
|0150|1535|MAQUINAS AGRICOLAS JACTO S.A. - CLEAN|01058|55064562001324||548066423112|3540002||AV PERIMETRAL|901||INDUSTRIAL|
|0150|1596|ZVEIBIL INDUSTRIAL LTDA|01058|56993710000114||100086059110|3550308||RUA CASTRO VERDE|300||SANTO AMARO|
|0150|1685|VOLKSWAGEN DO BRASIL IND DE VEICULOS AUTOMOTORES LTDA|01058|59104422001806||714091560119|3556701||AV DAS INDUSTRIAS SN|0|S/N|DISTRITO INDUSTRIAL|
|0150|1687|VOLKSWAGEN DO BRASIL INDUSTRIA DE VEICULOS AUTOMOTORES LTDA|01058|59104422009882||637123069112|3548906||RODOVIA LUIZ AUGUSTO DE OLIVEIRA SN KM 1488|148|KM 148,8|ZONA RURAL|
|0150|1689|AUTOMETAL  S/A|01058|59104513000195||286003050111|3513801||AVENIDA FAGUNDES DE OLIVEIRA|1650||VILA SAO JOSE|
|0150|1690|TOYOTA DO BRASIL LTDA.|01058|59104760000191||635015941112|3548708||AV PIRAPORINHA|1111||PLANALTO|
|0150|1691|JOYSON SAFETY SYSTEMS BRASIL LTDA|01058|59106245000140||407045918113|3525904||RODOVIA DOM GABRIEL PAULINO BUENO COUTO|66|KM 66|MEDEIROS|
|0150|1840|MIPAL INDUSTRIA DE EVAPORADORES LTDA|01058|61098869000105||233012603117|3508405||AV. ENGENHEIRO AFONSO BOTTI|240||PINHAL|
|0150|1866|PLASTICOS LUCONI LTDA|01058|61192365000150||635082277111|3548708||RUA JULIO DE MESQUITA|335||PAULICEIA|
|0150|1875|FRIZZO E FILHOS DISTRIBUIDORA DE MOLA E PECAS LTDA|01058|61199303000250||113461020119|3550308||RUA CURUCA|82||V MARIA|
|0150|1965|ROLL FOR ARTEFATOS METALICOS LTDA|01058|62284559000148||336116980112|3518800||RUA ARTHUR CARL SCHMIDT|175||CUMBICA|
|0150|1992|SOMAPLAST INDUSTRIA E COMERCIO DE PLASTICOS LTDA|01058|63083539000171||110528579118|3550308||RUA ESTELA|389|SALA 03|VILA MARIANA|
|0150|1996|PLAST-LAC COMERCIO DE PLASTICOS LTDA. - ME|01058|63902050000184||112733737113|3550308||RUA CARMINA IANETTA FANGANIELLO|310||PARQUE NOVO MUNDO|
|0175|03012019|03|PLAST LAC COMERCIO DE PLASTICOS LTDA|
|0175|03012019|11|100|
|0175|03012019|13|PQ NOVO MUNDO|
|0150|2005|MAQPLAS INDUSTRIA E COMERCIO DE MAQUINAS LTDA|01058|64166812000194||315045211110|3516705||AVENIDA DA SAUDADE|368||NOVA GARCA|
|0150|2035|VEDER DO BRASIL LTDA.|01058|65874968000192||113094515118|3550308||RUA SECUNDINO DOMINGUES|22||JD INDEPENDENCIA|
|0150|2044|CONCEITO AUT. PNEUMATICA LTDA|01058|66136086000192||336318927110|3518800||RUA BARTOLOMEU DE GUSMAO|132||JD.STA.FRANCISCA|
|0150|2075|CADPLAST INDUSTRIA E COMERCIO DE PLASTICO LTDA|01058|67308635000121||113220307110|3550308||RUA ARARI LEITE|527||VILA MARIA|
|0150|2076|CADPLAST IND. E COM. DE PLASTICOS LTDA (FILIAL)|01058|67308635000202||244678885113|3509502||RUA JOAQUIM FRANCISCO CASTELLAR|951||FAZENDA SANTA CANDIDA|
|0175|09012019|03|CADPLAST IND E COM DE PLASTICOS LTDA|
|0175|09012019|11|975|
|0175|09012019|13|JARDIM SANTA CANDIDA|
|0150|2189|PLASTFOAM IND.E COM.DE PLASTICOS LTDA|01058|71780456000160||336546371113|3518800||RUA SANTANA DE IPANEMA875||||
|0175|17012019|03|PLASTFOAM IND COM DE PLAST  LTDA|
|0175|17012019|10|SANTANA DE IPANEMA|
|0150|2190|TSA QUIMICA DO BRASIL LTDA|01058|73767394000181||252785410|4204608||RUA GABRIEL BUDNY|280||VILA RICA|
|0150|2200|FLEXTRONICS INTERN. TECNOLOGIA LTDA|01058|74404229000551||669483743111|3552205||AV LIBERDADE 6315 PREDIOS 9 10 11E12 BL1|6315||IPORANGA|
|0150|2257|BALDI INDUSTRIA E COMERCIO LTDA|01058|96319173000146||712021556117|3556503||AVENIDA MARGINAL RIO JUNDIAI|325||JARDIM PAULISTA|
|0150|2311|S L TOALHEIRO INDUSTRIAL LTDA.|01058|52297850000105||110872303116|3550308||R: GUIOMAR NOVAES|543||JARAGUA|
|0150|2345|MECBRINDES INDUSTRIA E COMERCIO DE BRINDES LTDA|01058|07707280000111||336920609117|3518800||RUA DOIS|34||PRESIDENTE DUTRA|
|0150|2374|CRUZEIRO DO SUL POSTO DE SERVICOS LTDA|01058|47720503000103||336085694111|3518800||AV SANTOS DUMONT|2302||CUMBICA|
|0150|2381|EDP BANDEIRANTE|01058|02302100000106||115026474116|3550308||RUA BANDEIRA PAULISTA|530||CHACARA ITAIM|
|0150|2390|DE NIGRIS DISTR DE VEICULOS LTDA|01058|61591459000444||336882804118|3518800||AVENIDA EDUARDO FRONER|1070||JARDIM ALBERTINA|
|0150|2414|COMPANHIA ULTRAGAZ S A|01058|61602199003723||336546362112|3518800||RUA SANTA CLARA|140||VILA PARAISO|
|0150|2459|CEQUENT INDUSTRIA E COMERCIO LTDA|01058|01859648000261||379177207118|3523107||RUA FLOR DE NOIVA|800||QUINTA DA BOA VISTA|
|0150|2473|MULTI OPTICA DISTRIBUIDORA LTDA.|01058|30260871002230||147135367110|3550308||RUA DA ALEGRIA|250|250/262|BRAS|
|0150|2493|ASF INDUSTRIA DE AUTOPECAS LTDA EPP|01058|07123304000195||188086087113|3503901||ESTRADA DA LARANJA AZEDA|1483||BAIRRO DO PORTAO|
|0150|2497|RVD MATERIAIS DIELETRICOS LTDA|01058|69033082000177||708036784116|3556206||ALAMEDA ITAJUBA|1476|CX:411|JOAPIRANGA|
|0150|2553|NEXTEL TELECOMUNICA��ES|01058|66970229000167||114166101115|3550308||ALAMEDA SANTOS|2356/2364||CERQUEIRA CESAR|
|0150|2620|EDISON RODRIGUES BENEFICIAMENTO - ME|01058|15648897000131||546063792110|3539806||AVENIDA ELIAS ZUGHAIB|367|B|CIDADE KEMEL|
|0175|23012019|03|EDISON RODRIGUES BENEFICIAMENTO ME|
|0175|23012019|10|ELIAS ZUGAIB|
|0150|2621|FRANZ SCHNEIDER DO BRASIL LTDA|01058|01577034000106||336683086118|3518800||RUA BRASILEIRA|439|VILA ENDRES|ITAPEGICA|
|0150|2630|OLDFLEX COMERCIO E DISTR. LTDA.|01058|03862847000173||298115044110|3515004||ESTR: SAO JUDAS 1017||||
|0150|2633|INSTRUCALL SERVICOS EM METROLOGIA E CALIBRACAO LTDA|01058|00840578000156||645232095114|3549904||RUA BACABAL|400||PARQUE INDUSTRIAL|
|0175|03012019|03|INSTRUCALL SERVICOS EM METROLOGIA E CALIBRACAO LTDA|
|0150|3MU0LTNJT|BRUDDEN DA AMAZONIA LTDA.|01058|03976141000132||062000446|1302603|200933019|AV AUTAZ MIRIM|115||DISTRITO INDUSTRIAL|
|0150|3O70TJVOJ|AUTOMETAL SBC INJECAO E PINTURA DE PLASTICOS LTDA|01058|03985506000195||635458018116|3548708||ESTRADA PARTICULAR EIJI KIKUTI|300|GALPAO1|COOPERATIVA|
|0150|3PE0XRH6L|BLACK E DECKER DO BRASIL LTDA|01058|53296273000191||7019487110098|3170107||ROD BR 050 SN  KM 167  LOTE 05  PARTE QUADRA 1|167||DISTRITO INDUSTRIAL II|
|0150|3RN0PMB2R|PLASNOVA LOUVEIRA INDUSTRIA E COMERCIO LTDA|01058|03736010000188||421014714119|3527306||ESTRADA FRANCISCO PAGOTTO|50||IPIRANGA|
|0150|3VR0Y96YQ|MOBIS BRASIL FABRICACAO DE AUTO PECAS LTDA|01058|08585033000314||588017283116|3544004||RUA SEBASTIAO MONTEIRO|320|SP 308 ROD DO ACUCAR|DIST.INDL AUGUSTO SCARASSATTI|
|0150|3VR0Y982T|EFRARI IND E COM IMP E EXP DE AUTOPECAS LTDA|01058|56995236000160||635087622114|3548708||RUA CHINA|217||TABOAO|
|0150|3WI0W9LQ1|PRISMEX INDUSTRIA E COMERCIO DE PLASTICOS EIRELI|01058|08594076000102||149561638113|3550308||RUA ANTONIO FOSTER|518||VILA SOCORRO|
|0150|3WZ0YDWBZ|BORRACHAS DINA COMERCIAL LTDA|01058|49942204000130||109990788112|3550308||RUA PIRATININGA|858||BAIRRO (BRAS)|
|0150|3Y60XKT3T|LORENPACK INDUSTRIA E COMERCIO DE EMBALAGENS LTDA EPP.|01058|13194561000110||336556215112|3518800||RUA SAO MARTINHO|297||CIDADE INDUSTRIAL SATELITE SP|
|0150|3ZA0LSVDH|A. SCHULMAN PLASTICOS DO BRASIL LTDA|01058|02376055000800||671159781113|3552403||R OD ANHANGUERA|.||CHACARAS REUNIDAS ANHANGUERA (|
|0150|40X0V9L5V|3M DO BRASIL LTDA|01058|45985371010685||647332895114|3549805||AV. GERASSINA TAVARES|750||JD. YOLANDA|
|0150|413|TELEFONICA BRASIL (VIVO)|01058|02558157000162||108383949112|3550308||RUA MARTINIANO DE CARVALHO|851||BELA VISTA|
|0150|415|DPA PRODUTOS AUTOMOBILISTICOS LTDA|01058|02579763000164||388012299115|3524006||AVENIDA FRANCISCO NAKASATO|1361||PACAEMBU IV|
|0150|4150T3P9Y|DEFAVERI E CAPPELLARO PROD. COMERCIALIZACAO DE FRUTAS LTDA|01058|11950548000119||042808065|2611101||PROJETO SENADOR NILO COELHO LOTE 207|0|E 208 LOTE NUCLEO 05|ZONA RURAL|
|0150|416|ADITIVE PLASTICOS LTDA|01058|02582622000109||115355938110|3550308||RUA ALEXANDRE GUSMAO|210||VILA SOCORRO|
|0150|4220WP2P0|CAPPELLARO E CAPPELLARO COMERCIO DE FRUTAS LTDA|01058|18519610000161||053666585|2611101||PERIMETRO IRRIGADO SENADOR NILO COELHO LOTE 1276|1276|NUCLEO 8|ZONA RURAL|
|0150|42M0N54K9|COMPONEL INDUSTRIA E COMERCIO LTDA|01058|57593253000303||149696213116|3550308||RUA DOMINGOS MARCHETTI|71|LIMAO|JD DAS GRACAS|
|0150|436|MECAPLAST DO BRASIL IND COM IMPORTACAO E EXPORTACAO LTDA|01058|02710251000195||115320850110|3550308||AV BOAVENTURA PEREIRA|414|PQ ANHANQUERA|PIRITUBA|
|0150|43D0KK88V|MULT ACESSORIOS AUTOMOTIVOS IND. E COM. EIRELI-EPP|01058|05599079000132||116669839114|3550308||AV. CASSANDOCA|557||MOOCA|
|0150|44D0GBTC4|ESPIRAL PARAFUSOS E FERRAMENTAS LTDA|01058|49295801000110||109864356115|3550308||AV PROFESSOR CELESTINO BOURROUL|544||LIMAO|
|0150|46B0JQ23D|BRYK INDUSTRIA DE PANIFICACAO LTDA|01058|55285829000170||626176333118|3547809||RUA MIGUEL COUTO|555||VILA PIRES|
|0150|4750I4788|NORPLAST INJECAO DE TERMOPLASTICOS LTDA|01058|08393587000158||72424059|2908507||AV GETULIO VARGAS SN  PREDIO B|1||PINDOBA|
|0150|4760HCDPS|LINKPLAS INDUSTRIA DE PLASTICOS LTDA|01058|04992664000135||254377939|4209102||RUA DOROTHOVIO DO NASCIMENTO|2100||JARDIM SOFIA|
|0150|47H0V1QR6|FALCON ESTALEIROS DO BRASIL LTDA|01058|20138365000194||492720277110|3534401||AV MARECHAL RONDON|1000||CENTRO|
|0150|48I0H1GCD|NOLD POLITECH FILMES E EMBALAGENS LTDA|01058|04370098000120||379151208119|3523107||RUA FLOR DE CACTUS|550||ITAQUAQUECETUBA|
|0150|4990U54ZN|BRASKEM S.A.|01058|42150391004753||86841797|3301702||RUA MARUMBI|1001|PARTE|JARDIM BALNE�RIO ANA CLARA|
|0150|4A20YSQLE|BRASKEM S.A.|01058|42150391004834||283075237115|3513504||RODOVIA CONEGO DOMENICO RANGONI|S/N||11573-903|
|0150|4B30HJZRP|BEMIS DO BRASIL INDUSTRIA ECOMERCIO DE EMBALAGENS LTDA|01058|60394723002864||442259682118|3529401||AV. JOAO RAMALHO|964|PARTE B|VILA NOEMIA|
|0150|4CH0O3IEN|SEARA ALIMENTOS LTDA|01058|02914460026389||589020687114|3544103||RUA LIDIA POLLONE|150||CENTRO|
|0150|4ET0Y3F9T|CIA MANUFATORA DE TECIDOS DE ALGODAO|01058|19525260000109||1530311720054|3115300||RUA ONDINA CAVALHEIRA PEIXOTO|123||PALMEIRAS|
|0150|4FK0HLQGP|RHAMOS E BRITO COM. REP. IMP. E EXP. LTDA|01058|01746185000140||336448110116|3518800||RUA JOAQUIM MIRANDA|200||VILA  AUGUSTA|
|0150|4IU0IFNN4|M.X. INDUSTRIA E COMERCIO DE DOCES LTDA - ME|01058|07013814000100||546127540113|3539806||RUA SAO JOSE DO RIO PRETO|130||VILA PERETA|
|0150|4JG0HZ65V|SMRC FAB. E COM. DE PRODUTOS AUTOMOTIVOS DO BRASIL LTDA|01058|21881060000130||796304216112|3518800||RUA ORLANDA BERGAMO|1062||CUMBICA|
|0150|4L60OAK02|POCHET DO BRASIL INDUSTRIA E COMERCIO LTDA|01058|03841700000440||407619630110|3525904||AV. ODILA CHAVES RODRIGUES|1377||PQ. INDL RM|
|0150|4LK0H4JF1|ALTA VOLTAGEM MANUTENCAO E COMERCIO ELETRICA LTDA ME|01058|14173407000125||146413790118|3550308||AV. MARGINAL DO RIO DOS MENINOS|400||CIDADE NOVA HELIOPOLIS|
|0175|07012019|03|ALTA VOLTAGEM MANUTENCAO E COMERCIO ELETRICA LTDA ME|
|0150|4M00N3BWC|EMBALA VALE COMERCIO IMP E EXPORTACAO LTDA|01058|07822845000101||033590770|2611101||AV. DA INTEGRACAO AYRTON SENNA|231|KM 2|VILA EDUARDO|
|0150|4MX0NN6H6|WILER-KAR COMERCIO E DECORACOES LTDA|01058|04539316000107||116175561113|3550308||AV. RANGEL PESTANA|1580|1590|BRAS|
|0150|4O70IQ778|BRK-BRASIL KITS IND. E COM. DE AUTOPECAS LTDA-ME|01058|22778531000142||379239319117|3523107||RUA GRAO PARA|143||QUINTA DA BOA VISTA|
|0150|4OW0I289R|MAX-VED PRODUTOS PARA VEDA��O E ARTEFATOS DE BORRACHA LTDA|01058|68308394000183||113551298111|3550308||RUA TOMAS SPEERS|601||VILA MARIA|
|0150|4PA0WX9R4|BRF S/A.|01058|01838723024816||0750052619|4311809||RODOVIA RS 324 KM 762|0|S/NO.|SANTA RITA|
|0150|4RA0HR2FB|COLOFF INDUSTRIAL LTDA-EPP|01058|11821401000129||147141000112|3509502||RUA CAROLINA GERMANO KOKOL|325||VILA SANTA ISABEL|
|0150|4RF0TTNTT|BRF S/A|01058|01838723015400||255770537|4203907||ACESSO CIDADE ALTA|4700||SAO CRISTOVAO|
|0150|4RM0ID6UB|BORCOL INDUSTRIA DE BORRACHA LTDA|01058|61390902000176||669059932118|3552205||AV. PARANA|2128||CAJURU DO SUL|
|0150|4S20KCVWB|DA TERRINHA COMERCIO DE ALIMENTOS LTDA|01058|15074376000118||145011892116|3550308||AV. SENADOR TEOTONIO VILELA|8785||JARDIM CASA GRANDE|
|0150|4SG0HRAYM|EMPRESA BRASILEIRA DE PECAS E ACESSORIOS PARA AUTOS LTDA.|01058|07852545000175||149261591115|3550308||AV. BERNA|136||VILA FRIBURGO|
|0150|4SU0SJYKM|CONTINENTAL BRASIL INDUSTRIA AUTOMOTIVA LTDA|01058|48754139000823||600007775114|3545209||AV. MARECHAL RONDON|1768|PQ RESID RONDON|PEDREGULHO|
|0150|4TR0SNCF8|DAUBERT BRASIL|01058|24183383000149||417462098110|3526902||RODOVIA ENGENHEIRO JOAO TOSELLO KM 103|3320||JARDIM NOVA LIMEIRA|
|0150|4VP0I0N8K|SUPERFITAS IND COM FITAS ADESIVAS LTDA|01058|01259568000194||114656410116|3550308||R ANTONIO FOSTER|306|TERREO: 316|VILA SOCORRO|
|0150|4VP0I0VCN|EXTRUSION SYSTEM INDUSTRIA E COMERCIO DE MAQUINAS-EIRELI-EPP|01058|24219897000107||796431867112|3518800||RUA ITAPARATIM|995||JD PRESIDENTE DUTRA|
|0150|4VP0I0VK0|FLY FILMS IND E COM DE EMBALAGENS LTDA EPP|01058|26675683000170||796529500115|3518800||R SUME|350||CIDADE INDUSTRIAL SATELITE DE|
|0150|4VP0NLI2X|DANREAL INDUSTRIA E COMERCIO LTDA|01058|55010318000145||111308953117|3550308||R THEREZA MOUCO DE OLIVEIRA|524||VILA MARACANA|
|0150|4WC0JFCZ2|FRUTICOLA OURO DO VALE LTDA|01058|20599040000109||127012458|2918407||RUA MARANHAO|141||ITABERABA|
|0150|4X20XQHQ3|PLASMOTO INDUSTRIA COMERCIO E REPRESENTACOES LTDA - EPP|01058|64649445000180||633279603112|3548500||R SETE DE SETEMBRO|71||VILA NOVA|
|0150|4XD0I9QJ5|HELEN MIRIAN ZUNIGA NUNEZ-ME|01058|02767991000168||115094949116|3550308||PRACA ARARUVA|177||CIDADE PATRIARCA|
|0150|4Y80I72CL|EUROFARMA LABORAT�RIOS S.A.|01058|61190096000869||373105533115|3522505||R OD PRES CASTELO BRANCO|Km 35,6||ITAQUI|
|0150|4Z00OHCWF|ARYZTA DO BRASIL ALIMENTOS LTDA|01058|57016578000234||111751652111|3550308||RUA AMADOR BUENO|942||SANTO AMARO|
|0150|4Z30J3PU6|GRAN SABOR ALIMENTACAO E SERVICOS LTDA ME|01058|07296242000113||336024862111|3518800||AV MONTEIRO LOBATO|4550||CIDADE JARDIM CUMBICA|
|0150|52E0SY2Q3|FLOR  DA MATA IND. E COM. DE CONFECCAO LTDA|01058|09163299000170||9074766428|4101408||AVENIDA CURITIBA|395||BARRA FUNDA|
|0150|52E0SYOLP|ESTACAO IND. E COM. IMP. E EXP. DE BRINDES LTDA|01058|03882631000170||9021253534|4101408||AVENIDA SOUZA NAVES|193||BARRA FUNDA|
|0150|52J0H8SN8|CRISTAL MASTER IND. E COMERCIO LTDA|01058|05378317000180||254519466|4209102||AV. SANTOS DUMONT 3785  PAVILHAO B|000||AVENTUREIRO|
|0150|53B0Q62IB|FABIO PEREIRA DA SILVA COMERCIAL - EPP|01058|04547627000118||116195474118|3550308||AV. SAPOPEMBA 436438|00438||AGUA RASA|
|0150|54B0GJ0AQ|AGCO DO BRASIL SOLUCOES AGRICOLAS LTDA.|01058|55962369001491||0240501020|4304606||AV GUILHERME SCHELL|10260||INDUSTRIAL|
|0150|54B0GJBPW|SILVANA CASTILHO LUCAS  EPP|01058|05444376000109||357058516117|3520905||RUA PROF JULIO MASTRODOMENICO|239||CENTRO|
|0150|54B0GJO1K|AIRAM CONFECCOES LTDA - EPP|01058|24362368000168||0290608040|4305108||RUA VINTE DE SETEMBRO|620|SALA|NOSSA SENHORA DE LOURDES|
|0150|5530MX779|FINOCORTE IND. COM. DE FERRO E METAIS LTDA EPP|01058|59084541000198||379311083113|3523107||ESTRADA VIRADOURO|320||CHACARA CUIABA|
|0150|5550MRXIS|ALLCHEM QUIMICA INDUSTRIA E COMERCIO LTDA|01058|93153179000106||1000134188|4315602||RUA ENG CARLOS F S ROVER|5160|DIRG|ZONA PORTUARIA|
|0150|5550MS7F4|COMPANHIA ULTRAGAZ S A|01058|61602199003057||113520950114|3550308||RUA GUARUMBE|68||VILA VERDE|
|0150|5581|MAN LATIN AMERICA INDUSTRIA E COMERCIO DE VEICULOS LTDA|01058|06020318000706||714102181119|3556701||AV. DAS INDUSTRIAS SN 1O ANDARAREAS DO3H02H03H04|0||DISTRITO INDUSTRIAL|
|0150|573|FORD MOTOR COMPANY BRASIL LTDA|01058|03470727000120||635005760110|3548708||AV. DO TABOAO|899|PREDIO 6|RUDGE RAMOS|
|0150|574|FORD MOTOR COMPANY BRASIL LTDA|01058|03470727000201||688001634116|3554102||AVENIDA CHARLES SCHNEIDER|2222||BARRANCO|
|0150|57B0WWZ3H|DART EMBALAGENS DO BRASIL LTDA.|01058|06881830000151||528132379119|3538006||NICOLAU MOASSAB|85||LOTEAMENTO INDUSTRIAL FEITAL|
|0150|57M0JDDN7|SAVAI INDUSTRIA E COMERCIO DE PECAS PARA VEICULOS LTDA|01058|07041157000104||336757805113|3518800||RUA CARBONITA|16||CIDADE PQ. ALVORADA|
|0150|57N0ZPYOT|ZUPACK EQUIPAMENTOS INDUSTRIAIS COM�RCIO E SERVI�OS LTDA-M|01058|17974431000151||278325363111|3513009||ESTRADA DA ALDEIA|827||GRANJA VIANA|
|0150|5840I9DLW|NELSON SANTOS DOMINGUES|01058|26324876000187||796757559116|3518800||RUA RUA ESTANISLAU MIRANDA|213|APT A-61|VILA GALVAO|
|0175|09012019|10|JULIO PRESTES|
|0150|5840I9M4Z|SMRC FAB.E COM. DE PRODUTOS AUTOMOTIVOS DO BRASIL LTDA|01058|21881060000211||0570336538|4309209||RODOVIA BR 290 SN KM 67|0|LOTE 15|CRUZEIRO|
|0150|5BX0TKZUY|AEA MARGINAL TIETE DISTRIB DE MATERIAIS ELETRICOS EIRELI|01058|30691476000187||119570851113|3550308||RUA RICARDO CAVATTON|348||PIQUERI|
|0150|5BZ0JIVRJ|GISELE APARECIDA SILVA ME|01058|27559410000123||141973272118|3550308||RUA PEIXOTO WERNECK|703D|CASA 6|ARTHUR ALVIM|
|0150|5CM0YOGMH|HEZZITU INDUSTRIA E COMERCIO DE CONFECCOES LTDA|01058|07614987000183||9035184306|4101408||RUA DOUTOR OSWALDO CRUZ|1490||VILA VITORIA|
|0150|5DI0IBPDJ|NOVA NERUDA COMERCIO IMPORTACAO E EXPORTACAO DE FRUTAS LTDA|01058|24303204000160||066336090|2611101||R OD RODOVIA PE 626  ESTRADA DAS PEDRINHAS|0|PROJETO BEBEDOURO|PEDRINHAS|
|0150|5DJ0VK6C7|E NOGUEIRA SILVA FORTS EMPILHADEIRAS - ME|01058|00630234000112||336015766110|3518800||RUA AVENIDA SANTOS DUMONT|2061||CUMBICA|
|0175|22012019|03|E NOGUEIRA SILVA FORTS EMPILHADEIRAS EIRELI  ME|
|0175|22012019|10|SANTOS DUMONT|
|0150|5EC0HMTU0|GERAPLASTIC IND. COM PECAS PLASTICAS LTDA|01058|11201983000140||0570277680|4309209||AV. CENTENARIO|1107||CENTRO|
|0150|5EH0GJ2U7|NOVA PRECIOSA INDUSTRIA DE PRODUTOS ALIMENTICIOS LTDA|01058|28094505000181||513128770111|3536505||AV. 1|135||CASCATA|
|0150|5EK0GB238|UNI PECAS ESPE. PVC LTDA EPP|01058|02818949000129||253847419|4204608||RUA BEIJAFLOR|210||CRISTO REDENTOR|
|0150|5EK0NCDO6|CASA DOS BEBEDOUROS LTDA|01058|05075302000142||244908551112|3509502||AV DERMIVAL BERNARDES SIQUEIRA|3360||SWISS PARK|
|0150|5EO0IYTQS|TRANSPORTADORA JACAREI LTDA|01058|04137177000195||392203208113|3524402||AV GETULIO DORNELES VARGAS|1390||JD PRIMAVERA|
|0150|5EO0IYU3U|RAPAL PAULISTA CARGAS LTDA - EPP|01058|03728172000174||494030677110|3534609||RUA FIORAVANTE DECURCIO|310||DISTRITO INDUSTRIAL|
|0150|6028|BRASKEM S.A.|01058|42150391001061||1490034894|4322004||BR 386 ROD TABAI CANOAS|S/N|KM 419|PASSO RASO|
|0150|673|CROMASTER INDUSTRIA E COMERCIO LTDA.|01058|04255255000156||116172181111|3550308||RUA PIERRE LAFAGE|122||VILA JARAGUA|
|0150|692|SIFONT - COMERCIO DE PRODUTOS ADESIVOS LTDA - EPP|01058|04386533000104||116126143110|3550308||RUA JOAQUIM NUNES LOPES|44||JD SARAH|
|0150|70014|CABOT BRASIL INDUSTRIA E COMERCIO LTDA|01058|61741690000124||442018462116|3529401||AV. DAS INDUSTRIAS|135||PQ. CAPUAVA|
|0150|70043|BRASKEM S/A|01058|42150391003781||1490040827|4322004||POLO PETROQUIMICO DE TRIUNFO SN|0|LOTE 04|TERCEIRO DISTRITO|
|0150|70056|Y.R. DE OLIVIERA-ME-CONSTRUCAL MATS CONSTUCAO|01058|02765084000180||113804052118|3518800||AVENIDA JUSTINO DE MAIO|954|ANTIGO 901|CUMBICA|
|0150|70110|PH TECNICA COMERCIO E REPRESENTACOES EIRELI - ME|01058|05579877000100||149449721117|3550308||RUA CIDADE DE CASTRO|096||JD SARAH|
|0150|820|PACKTUBOS INDUSTRIA E COMERCIO IMPORTACAO E EXPORTACAO LTDA|01058|05258612000100||623085452114|3547304||BELO HORIZONTE|20||JARDIM SANTA MARTA (FAZENDINHA|
|0150|903|VDR -  COMERCIO E MONTAGEM DE EQUIP.|01058|06158441000100||144958770112|3550308||RUA SECUNDINO DOMINGUES|22|ANDAR 4|JARDIM INDEPED�NCIA|
|0175|18012019|03|VDR COM E MONT DE EQTOS ELETRO ELETRON INDUSTRIAIS EIRELI ME|
|0175|18012019|12|4 ANDAR|
|0175|18012019|13|JD INDEPENDENCIA|
|0175|16012019|03|VDR COM E MONTAGEM DE EQTOS ELETRO ELETRONICOS IND EIRELI|
|0175|16012019|12|4O ANDAR|
|0150|952|MAIS POLIMEROS DO BRASIL LTDA|01058|07228128000156||241081958112|3509205||RUA SERRA NEGRA|292|326|PQ INDUSTRIAL|
|0190|BB|BB.|
|0190|BD|BALDE.|
|0190|BOB|BOB.|
|0190|BR|BR.|
|0190|FL|FL.|
|0190|KG|KG.|
|0190|LT|LITRO.|
|0190|LTS|LTS.|
|0190|M|M.|
|0190|M2|METRO2|
|0190|MI|MILHEIRO|
|0190|MIL|MILHEIRO.|
|0190|MM|MM.|
|0190|MT|MT.|
|0190|PC|PECA|
|0190|P�|PE�A|
|0190|RL|ROLO.|
|0190|TO|TONELADA|
|0190|UN|UNIDADE|
|0190|UND|UND.|
|0190|UNID|UNID.|
|0200|000001|GASOLINA COMUM|||LT|01|27101159||27||0,00||
|0206|320102001|
|0200|00000371|MICRO VENT VENTISILVA RAX 2 CD|7899937541051||PC|99|||84||0,00||
|0200|000004|DIESEL BS 500|||LT|10|||27||0,00||
|0206|820101008|
|0200|0001.4265|RETENTOR|||PC|99|||40||0,00||
|0200|0002731|CELULA DE CARGA I-250|||PC|99|||90||18,00||
|0200|000349|MANG SAIDA TUBOFLEX P/TQ.BR.ORIG1,1|||UN|99|||84||18,00||
|0200|00035095|VENT PEDESTAL VENTISOL NOTOS 50 BCO 110V|||PC|99|||84||0,00||
|0200|000486|ARLA 32 FLUA ECOTEC 20LTS|||BD|99|||31||0,00||
|0200|000500|AMANCO PRETO COTOVELO INT. (B) 3/4"|||UN|99|||39||0,00||
|0200|000805|PURIFICADOR REFRIG. PURIPRESS-40 220V 60 HZ COR INOX (ELETRO|7898002566692||UN|99|||84||0,00||
|0200|001284|DISCOS DIAGRAMA PARA TACOGRAFO ORIGINAL VDO|||UN|99|||48||0,00||
|0200|001320|LUBRAX TOP TURBO DE 03 LT|||UN|07|||27||0,00||
|0206|620505001|
|0200|0015|FILME STRETCH MANUAL 500 X 0,025|||KG|99|||39||0,00||
|0200|0045|OLEO ISOLANTE INDUSTRIALIZADO|||LTS|99|||27||0,00||
|0200|005|FILME PET IMP 83X0,1 2 OP 52900|||KG|99|||39||0,00||
|0200|01020009|TUBETE PVC 87 X 3000 MM PT|||PC|99|||39||12,00||
|0200|017|FOA/APARA PEAD/PEBD COLORIDO|||KG|99|||39||0,00||
|0200|018|FOA/ APARA PEAD/PEBD TRANSPARENTE|||KG|99|||39||0,00||
|0200|019|FOA/BENEF. EM APARAS PE COLORIDA|||KG|99|||39||0,00||
|0200|020|FOA/BENEF. EM APARAS PE TRANSPARENTE|||KG|99|||39||0,00||
|0200|04.13.000002|FNC PH 0,20 5,0MM S/CH|||MT|99|||72||0,00||
|0200|049|FOA/M�O DE OBRA DE GRANULA��O DE BORRA|||KG|99|||87||0,00||
|0200|05021351|ABRACADEIRA NYLON 6.6 PRETA 280 X 3,6MM|||UN|99|||39||18,00|1002000|
|0200|0502161|ABRACADEIRA NYLON 6.6 PRETA 360 X 4,8MM|||UN|99|||39||18,00|1002000|
|0200|0556101016|CONECTOR EM BARRA NYLON P/ CABOS 16MM|||UN|99|||85||18,00|1200400|
|0200|0579581316|DISCO FLAP RED LINE 115MM G60 C.FIBRA|4053479132266||UN|99|||68||18,00||
|0200|0585011348|DISCO COMPACTO DE LA|||UN|99|||68||18,00||
|0200|065506|MACHO MAQ. CEGO TIPO C VERDE M6|4011231542739||UN|99|||82||18,00|0801200|
|0200|065508|MACHO MAQ. CEGO TIPO C VERDE M8|4011231542760||UN|99|||82||18,00|0801200|
|0200|0664631150|DISCO DE CORTE LONG LIFE 115X1.0X22.23|||UN|99|||68||18,00||
|0200|067|FOA/BENEF. EM BORRAS PE|||KG|99|||39||0,00||
|0200|071469 032|ESCOVA MANUAL 3 FILEIRAS ACO 0,35 MM|||UN|99|||96||18,00||
|0200|0893261500|FLUIDO DE CORTE MULTI WFC - 500 ML|||UN|99|||15||18,00||
|0200|0893567050|VEDA ROSCAS W867 50 G|||UN|07|||35||0,00||
|0200|100-0352|CADLEN  19 BR RL 100M X 1200 X 2 MM|||M2|01|39211900||39||18,00||
|0200|100-0511|CADLEN 20 BR RL 53M X 1850 X 6 MM|||M2|99|||39||0,00||
|0200|10231|ADAP SOLD CTO 25X3/4|||UND|07|||39||0,00||
|0200|10256|BUCHA RED SOLD LGA 50X25 KRONA|||UN|99|||39||0,00||
|0200|10281|JOELHO 90 SOLD 25 MM|||UN|99|||39||0,00||
|0200|10284|JOELHO 90 SOLFD 50MM KRONA|||UND|99|||39||0,00||
|0200|10290|LUVA SOLD 50MM KRONA|||UND|99|||39||0,00||
|0200|10299|TE SOLD 50 KRONA|||UN|99|||39||0,00||
|0200|10420|JOELHO 90 AZUL 25MMX3/4 KRONA|||UND|07|||39||0,00||
|0200|10458|TUBO SOLD 25X6 MT KRONA|||BR|99|||39||0,00||
|0200|10461|TUBO SOLD 50X6MTS KRONA|||UN|99|||39||0,00||
|0200|110-AM001/DL|110-AM314/DL TINTAS P/ PLASTICO AMARELO CROMIA FL GELADEIRA|7899412600907||KG|99|||32||12,00||
|0200|110-AM314/DL|TINTAS P/ PLASTICO AMARELO CROMIA FL GELADEIRA - LOTE:29/08/|||KG|99|||32||12,00||
|0200|110-AZ012/DX|TINTAS P/ PLASTICO AZUL REFLEX BLUE C FL GELADEIRA - LOTE:28|||KG|99|||32||12,00||
|0200|110-AZ1148/DX|TINTAS P/ PLASTICO AZUL FTALO FL GELADEIRA - LOTE:10/04/15-0|||KG|99|||32||12,00||
|0200|110-BA016/DX|TINTAS P/ PLASTICO BASE COMPLEM. CHAPADO GELADEIRA-USO 40% -|||KG|99|||32||18,00||
|0200|110-BR048/DX|TINTAS P/ PLASTICO BRANCO FL GEL. ALTO BRILHO - LOTE:20/03/1|||KG|99|||32||12,00||
|0200|110-MG003/DL|TINTAS P/ PLASTICO MAGENTA CROMIA FL GELADEIRA - LOTE:06/12/|||KG|99|||32||12,00||
|0200|110-PT087/DL|110-PT048/DL TINTAS P/ PLASTICO PRETO CROMIA FL GELADEIRA -|||KG|99|||32||12,00||
|0200|110-VD812/DX|TINTAS P/ PLASTICO VERDE FTALO MONO GELADEIRA - LOTE:10/04/1|||KG|99|||32||12,00||
|0200|110-VM1163/DX|TINTAS P/ PLASTICO VERMELHO 485-C GELADEIRA-RENDIMENTO (CONV|||KG|99|||32||12,00||
|0200|1110|TOALHA INDUSTRIAL AZUL RELAVADA 35X45 CM|||PC|99|||63||0,00||
|0200|11527-AG|MB VERDE|||KG|99|||32||12,00|2400200|
|0200|120-0292|FILME PLAST BOLHAO 1.30 X 100 M C/ CORTE AO MEIO|||BOB|99|||39||0,00||
|0200|123-0090|SAPEX 25 BR 90 X 90 X 0.5 MM|||MI|01|39232190||39||18,00||
|0200|128-0650|SACO BOLHA 100 NAT 255 X 110 + 80 MM ABA C/ 2 DIVISOES|||MI|99|||39||0,00||
|0200|13.07.00.0098|CONJUNTO DE MATRIZ  175 MM(REF SUA NF. 040104 DE 03/10/2018)|||UN|99|||84||0,00||
|0200|137-0011|CAD ZIPER 23 - PLASTFOAM|||KG|99|||39||0,00||
|0200|137-0042|CAD ZIPER 10 SRI (VERMELHO)|||KG|99|||39||0,00||
|0200|139|REFEI��ES|||UN|99|||21||0,00||
|0200|140|CAF�|||UN|99|||09||0,00||
|0200|144002048|BROCA AR 5,00MM HT|||PC|99|||82||0,00|0801300|
|0200|144002063|BROCA AR 19,00MM HT|||PC|99|||82||0,00|0801300|
|0200|144002066|BROCA AR 16,00 HT|||PC|99|||82||0,00|0801300|
|0200|144002069|BROCA AR 3/4" HT|||PC|99|||82||0,00|0801300|
|0200|144002207|BROCA AR 4,0MM HTOM|||PC|99|||82||0,00|2805700|
|0200|14465|AZUL 2001 L|||KG|01|32041700||32||18,00||
|0200|200-0093|BOBINA BOLHA 50 NAT 1200 X 300 MM FAT COM 300|||BOB|99|||39||0,00||
|0200|2002000066|IHM PMU330BTE - PED.:1;|||PC|99|||85||0,00||
|0200|2003000055|IHM MT8071IP1WK - PED.:220119;|||UN|99|||85||18,00||
|0200|20875|REDUCAO P. 3/8 DIN SIMPLES|||PC|99|||73||18,00||
|0200|20953|REDUCAO P. 5/8 ASA SIMPLES|||PC|99|||73||18,00||
|0200|23324|CORRENTE P. 3/8 DIN SIMPLES - KCM|||MT|99|||73||18,00||
|0200|23582|CORRENTE P. 5/8 ASA SIMPLES - TYC|||MT|99|||73||18,00||
|0200|25311|RODA DENTADA SIMPLES P. 5/8 C/ 22 DENTES|||PC|99|||84||18,00||
|0200|2537|LIXA DE FERRO NORTON|||UND|99|||68||0,00||
|0200|270|TECHNOMELT PS 585|||KG|99|||35||0,00||
|0200|300-0008|PEBD LINEAR|||KG|01|39011092||39||18,00||
|0200|300-0009|POLIETILENO BDL LF 0720/20 AF|||KG|99|||87||0,00||
|0200|300-0016|PEBD 853/72|||KG|99|||87||0,00||
|0200|300-0126|PEBD LF0720/21 AF|||KG|99|||39||0,00||
|0200|301-0067|MASTER BATCH VERMELHO|||KG|99|||32||0,00||
|0200|302-0042|CARRETEL 450 X 380 X 9 MM FC 43 MM|||UN|99|||39||18,00||
|0200|308-0028|TUBO DE PAPELAO 1500 X 77 X 13 MM|||UN|99|||48||0,00||
|0200|308-0029|PALETES|||UN|99|||48||0,00||
|0200|308-0034|TUBO DE PAPELAO (PLASTFOAM)|||UN|99|||48||0,00||
|0200|330|GLP ENVASADO 20 KGS|||PC|99|||27||0,00||
|0200|331|GLP GRANEL - PTP|||KG|99|||27||0,00||
|0200|38902|ROST OFF WURTH 300 ML|||UN|99|||27||0,00||
|0206|620505001|
|0200|40002005|LIXA FERRO K246 GR 80 NORTON|||FL|99|||68||18,00||
|0200|40002006|LIXA FERRO K246 GR 100 NORTON|||FL|99|||68||18,00||
|0200|40002008|LIXA FERRO K246 GR 150 NORTON|||FL|99|||68||18,00||
|0200|40002010|LIXA FERRO K246 GR 220 NORTON|||FL|99|||68||18,00||
|0200|40002011|LIXA FERRO K246 GR 240 NORTON|||FL|99|||68||18,00||
|0200|4000ARAM-CZ-RE|CESTO ARAMADO1190X980X900|||UN|99|||73||0,00||
|0200|43100|FITA DF SCAPA EXAFIT 0,38MM - BAIXA 455MMX23M|||RL|99|||39||4,00||
|0200|449458|PALETE PADRAO PBR MAD CAPACI|||UN|99|||44||0,00||
|0200|48010079|SERRA COPO AR 22MM-7/8 FCH0078 STARRET|||PC|99|||82||0,00|0800700|
|0200|48010085|SERRA COPO AR 38MM-1.1/2 FCH0112 STARRET|||PC|99|||82||0,00||
|0200|48010119|SERRA COPO AR 25MM FCH025M STARRET|||PC|99|||82||0,00||
|0200|48010122|SERRA COPO AR 16MM-5/8 FCH0058 STARRET|||PC|99|||82||0,00||
|0200|48010123|SERRA COPO AR 14MM-9/16 FCH0096 STARRET|||PC|99|||82||0,00||
|0200|48015001|SUPORTE SERRA COPO A1 (14-30MM) STARRETT|||PC|99|||84||12,00||
|0200|48015002|SUPORTE SERRA COPO A2 (32-210MM) STARRET|||PC|99|||84||12,00||
|0200|5217-AK|MB ROSA PINK (674)|||KG|99|||32||12,00|2400200|
|0200|6001|TOALHA INDUSTRIAL ROXA RELAVADA 35X45 CM|||PC|99|||63||0,00||
|0200|6429-AZ-REY|CAIXA PLASTICA RET600X400X290|||UN|99|||39||0,00||
|0200|66121|ADPRISMA AB 002 A ANTI - BLOCK|||KG|01|32041700||32||18,00||
|0200|6806|OLEO SILICONE V1000 ALLCHEM 20 L PRODUTO NAO PERIGOSO P/TRAN|7898038064070||BB|99|||39||12,00||
|0200|7063|EMENDA P. 3/8 DIN SIMPLES|||PC|99|||73||18,00||
|0200|7278|EMENDA P. 5/8 ASA SIMPLES|||PC|99|||73||18,00||
|0200|731-AM003|BASES CONCENTRADAS BASE AMARELO BENZIDINA - LOTE:07/01/13-01|||KG|99|||32||18,00||
|0200|731-BR011|BASES CONCENTRADAS BASE BRANCA ESP. NYLON/EVA - LOTE:12/02/1|||KG|99|||32||18,00||
|0200|731-LJ001|BASES CONCENTRADAS BASE LARANJA ORGANICO - LOTE:23/07/13-013|||KG|99|||32||12,00||
|0200|731-VL001|BASES CONCENTRADAS BASE VIOLETA FANAL - LOTE:26/11/13-013521|||KG|99|||32||4,00||
|0200|800-SC061|SOLUCOES/ADITIVOS SOLUCAO SECATIVA - LOTE:23/08/16-01414243|||KG|99|||32||12,00||
|0200|800-SC077|SOLUCOES/ADITIVOS SOLUCAO DE TRATAMENTO 40 DYNAS - LOTE:04/1|||KG|99|||32||12,00||
|0200|800-SC078|SOLUCOES/ADITIVOS SOLUCAO DE TRATAMENTO 42 DYNAS - LOTE:04/1|||KG|99|||32||12,00||
|0200|800-SC079|SOLUCOES/ADITIVOS SOLUCAO DE TRATAMENTO 38 DYNAS - LOTE:04/1|||KG|99|||32||12,00||
|0200|800-SC127|SOLUCOES/ADITIVOS SOLUCAO DE TRATAMENTO 44 DYNAS - LOTE:04/1|||KG|99|||32||12,00||
|0200|812901BLN00043|MASTERMASH PE LL AB NATURAL N05505 - OFICIAL|||KG|99|||39||0,00||
|0200|812922ESN00078|POLYBATCH VLA N02713 - OFICIAL|||KG|99|||39||18,00||
|0200|812922ESN00154|POLYBATCH VLA N02713 - VOF|||KG|99|||39||18,00||
|0200|812964BRB29718|### POLYWHITE 8004W|||KG|99|||32||18,00||
|0200|812972DEN00121|POLYBATCH PE LL AD N01804|||KG|99|||39||18,00||
|0200|851|FITA ADESIVA 45X100 CR TIGHT TAPE|7898118999179||RL|99|||39||18,00||
|0200|8923|RODA DENTADA SIMPLES P. 3/8 C/ 20 DENTES DIN|||PC|99|||84||18,00||
|0200|9104|RODA DENTADA SIMPLES P. 3/8 C/ 28 DENTES DIN|||PC|99|||84||18,00||
|0200|92022|ADESIVO FRASCO 175 GR C/ PINCEL POLYTUBES|||UN|99|||35||0,00||
|0200|93428|REGISTRO GAVETA BRUCO DECA 15010 3/4|||UN|99|||84||0,00||
|0200|960-RT078|SOLVENTES/DILUENTES SOLVENTE RETARDADOR - LOTE:17/02/14-0135|||KG|99|||38||12,00||
|0200|999-0060|MAQUINA CORTE E SOLDA FMC 75|||PC|99|||84||0,00||
|0200|A0000160421|JUNTA DA TAMPA DO CABECOTE|||LT|99|||84||0,00||
|0200|A0000180233|JOGO DE PECAS MEMBRANA|||UN|99|||84||0,00|0103000|
|0200|A0269976648|ANEL-O|||UN|99|||40||0,00||
|0200|A9041800910|LU FILTRO DE OLEO|||UN|99|||84||0,00|0103700|
|0200|A9060180082|MANGUEIRA DE BORRACHA|||UN|99|||40||0,00||
|0200|AB 002-A|ANTI BLOQUEIO AB002-A|||KG|01|39013090||39||0,00||
|0200|AR09456|FUSIVEL VIDRO 20AG 1AMP|||PC|99|||85||0,00||
|0200|AR9458|FUSIVEL VIDRO 20AG 3,0 A|||PC|99|||85||0,00||
|0200|AZ 15616|MB AZ 15616|||KG|99|||32||18,00||
|0200|AZ 2001-L|PIGMENTO AZUL AZ 2001-L|||KG|01|39013090||39||0,00||
|0200|CABHEPR60PT|CABO FLEX HEPR 1KV - 1C X 6,0MM2 PT|||M|99|||85||0,00||
|0200|EB853/72 PL14|EB853/72-POLIETILENO DE BAIXA DENSIDADE|||TO|99|||39||12,00||
|0200|EM 3943|CONTAINER INOX REDONDO  /  CIR-201647|||UN|99|||86||0,00||
|0200|EVA TN 2020|EVA BT TN 2020|||KG|99|||39||0,00||
|0200|EVA-HM728|EVA-HM728  ETILENO ACETATO DE|||KG|01|39013090||39||0,00||
|0200|EVA-PN2021|EVA PLACAS EXPANDIDAS|||KG|99|||39||0,00||
|0200|EVA-TN2020|ETILENO ACETATO DE VINILA|||KG|99|||39||0,00||
|0200|FF002594|ADES.LOCK-TITE - HM-118|||PC|99|||87||0,00|0109000|
|0200|FF004380|JG.LONA FREIO DT. - 0134T-140|||PC|99|||68||0,00||
|0200|FF004383|REB.TUB.BICRO.08-25 - REB-08X25|||PC|99|||73||18,00||
|0200|FF014470|PARAF.AMORT. - 14    X 70   P MB8.8|||PC|99|||73||18,00||
|0200|FF020680|CATRACA FREIO TS.-K039644|||PC|99|||87||0,00||
|0200|FF020983|TAMBOR DE FREIO TRAS.DIR. - FRUM371|||PC|99|||87||0,00||
|0200|FSVVD-20|FUSIVEL VIDRO 20MM 2,5|||PC|99|||85||0,00||
|0200|FV6|FUSIVEL VIDRO PEQUENO 6A|||PC|99|||85||0,00||
|0200|HM 728|EVA HM 728|||KG|01|39013090||39||0,00||
|0200|JS074965|0800 8M MANTA CORREIA SINCRONIZADORA|||MM|99|||40||18,00||
|0200|JS088231|110XL MANTA CORREIA SINCRONIZADORA|||MM|99|||40||18,00||
|0200|L25|FITA PROTETORA LINER 25MM X 3000M/RL|||RL|99|||39||0,00||
|0200|LF0720/20AF PL|LF0720/20AF-POLIETILENO BX DENS. LINEAR|||TO|99|||39||12,00||
|0200|LF0720/21AF PL|LF0720/21AF-POLIETILENO BD LINEAR|||TO|99|||39||12,00||
|0200|LPBR/PU0500800|TUBO DE POLIUR.8 X 5,5MM -AZUL|||MT|99|||39||18,00||
|0200|LPBR/PU0501000|TUBO DE POLIUR.10 X 7MM -AZUL|||MT|99|||39||18,00||
|0200|PEBD-L1613|LAMINA PEBD PIG VERDE 400X420X0,12|||MIL|99|||39||0,00||
|0200|PEBD-S4448|SACO PEBD TRANSP VALV  F.RET 570X760X0,25 SF 70MM|||UNID|99|||39||0,00||
|0220|UND|1,000000|
|0220|UND|0,100000|
|0200|PK10110|TUBOS DE PAPELAO 77 X 15 X 1410|||PC|99|||48||18,00||
|0200|PK367|TUBOS DE PAPELAO 77 X 15 X 2000|||PC|99|||48||18,00||
|0200|PK435|TUBOS DE PAPELAO 77 X 15 X 1500|||PC|99|||48||18,00||
|0200|PK7|TUBOS DE PAPELAO 76 X 1,5 X 1200|||PC|02|48229000||48||18,00||
|0200|PK922|TUBOS DE PAPELAO 76 X 1,5 X 1100|||PC|02|48229000||48||18,00||
|0200|PM15L|FITA ADESIVA PERMAMENTE 15MMX3000M|||RL|99|||39||0,00||
|0200|PN 2021|EVA PN 2021|||KG|99|||39||0,00||
|0200|PR 000003428|THINNER 1335. - ONU 1993 - 3, II - LIQUIDO INFLAMAVEL N.E|||LT|99|||38||18,00||
|0200|PRES Z-8000019|EMPILHADEIRA CPDQ 25 GREEN - HELI - 2500 KG - TORRE 6.00 MTS|||UN|99|||84||0,00||
|0200|Q133253|ELEMENTO DESCARBONIZANTE|||UN|99|||38||18,00||
|0200|Q500033|KIT LUBRIFICAO - R|||UN|99|||38||18,00||
|0200|S01701|DOBRADOR SEMI-AUTOMATICO 4 DOBRAS|||UN|99|||84||0,00||
|0200|SGM9450F PL14|SGM9450F-GREEN HIGH DENSITY POLYETHYLENE|||TO|01|39012029||39||12,00||
|0200|TX8079 PL14|TX8079 - POLIETILENO DE BAIXA DENSIDADE|||TO|99|||39||12,00||
|0200|Y  -MED01|MED. DE RESISTIVIDADE SUPERFICIAL AG (ID) 178 MOD: MONROE EL|||PC|99|||85||0,00||
|0200|Y -MED01|MED. DE RESISTIVIDADE SUPERFICIAL - ID 128 SURPA MODELO: 385|||PC|99|||85||0,00||
|0200|Y- MED01|MED. MEGAMETRO E UMIDADE RELATIVA SURPA MODELO 9802 TAG (ID)|||PC|99|||85||0,00||
|0200|Y-60000064|MASTER VCI - IVC CORR-327|||KG|99|||32||18,00||
|0200|Y-MED01|MEDIDOR DE ESPESSURA ( CALIBRACAO E AJUSTES)|||PC|01|84042000||84||18,00||
|0200|ZP-1313|BRA�O LEVANTADOR DO CABE��TE|||P�|99|||84||0,00||
|0200|Y-1BD200172|TS - 7006|||kg|01|390110||||18,00||
|0200|Y-1AD10001|GM 9450F|||kg|01|390120||||18,00||
|0200|Y-1AD100021|HE 150|||kg|01|390110||||18,00||
|0200|Y-1BD20067|HF2208S3|||kg|01|900490||||18,00||
|0200|Y-1BD20056|LF 0720/21AF|||kg|01|900490||||18,00||
|0200|Y-1BD20040|LF 0720/20AF|||kg|01|480429||||18,00||
|0200|Y-1BD20003|EF 2126S3|||kg|01|390110||||18,00||
|0200|Y-1BD200175|SLL118/21|||kg|01|390110||||18,00||
|0200|Y-1BD20037|FEB - 060|||kg|01|392119||||18,00||
|0200|Y-1BD200016|EB - 853/72|||kg|01|841950||||18,00||
|0200|Y-1BD200102|FP 33|||kg|01|390110||||18,00||
|0200|Y-1BD200030|HD S7600U|||kg|01|390120||||18,00||
|0200|Y-1AD10004|BF 4810|||kg|01|390120||||18,00||
|0200|Y-1AD10017|FEA 012|||kg|01|390120||||18,00||
|0200|Y-1BD20086|FEB 005|||kg|01|390110||||18,00||
|0200|Y-1BD20090|TX 8079|||kg|01|390110||||18,00||
|0200|Y-1BD20014|TX 7003|||kg|01|390110||||18,00||
|0200|Y-1BD20083|FEB 001|||kg|01|390110||||18,00||
|0200|Y-1BD20005|FEL 020A|||kg|01|480429||||18,00||
|0200|Y-1BD20017|FEL 020|||kg|01|391610||||18,00||
|0200|Y-1BD200103|118 WJ|||kg|01|390110||||18,00||
|0200|Y-1REC0015|REC. COLORIDO BX|||kg|01|390120||||18,00||
|0200|Y-1REC0002|REC. LEITOSO BX|||kg|01|390120||||18,00||
|0200|Y-1REC0002|REC. LEITOSO AL|||kg|01|390120||||18,00||
|0200|Y-1REC0003|REC. TRANS. BAIXA|||kg|01|390120||||18,00||
|0200|Y-1REC0008|REC. CANELA|||kg|01|390120||||18,00||
|0200|Y-1PIG00020|PIGMENTO BRANCO (3070L)|||kg|01|320417||||18,00||
|0200|Y-1PIG00025|PIGMENTO BRANCO (8004)|||kg|01|320417||||18,00||
|0200|Y-1PIG0067|PIGMENTO PRETO (20000-AP)|||kg|01|320417||||18,00||
|0200|Y-1PIG0023|PIGMENTO VERMELHO (VM 15708)|||kg|01|320417||||18,00||
|0200|Y-1PIG0002|PIGMENTO VERMELHO (4041)|||kg|01|320417||||18,00||
|0200|Y-1REC0007|PIGMENTO VERDE (11527 - AG)|||kg|01|320417||||18,00||
|0200|Y-1PIG0064|PIGMENTO VERDE (VD 15617)|||kg|01|320417||||18,00||
|0200|Y-1REC0006|PIGMENTO VERDE CLARO (8310L)|||kg|01|320417||||18,00||
|0200|Y-1PIG0034|PIGMENTO AZUL (2001L)|||kg|01|320417||||18,00||
|0200|Y-1PIG0040|PIGMENTO AZUL (6855A)|||kg|01|320417||||18,00||
|0200|Y-1PIG0062|PIGMENTO AZUL (AZ 15542)|||kg|01|320417||||18,00||
|0200|Y-1PIG0063|PIGMENTO AZUL (AZ 15616)|||kg|01|320417||||18,00||
|0200|Y-1PIG0066|PIGMENTO AMARELO (AM 15675)|||kg|01|320417||||18,00||
|0200|Y-1PIG0007|PIGMENTO ROSA PINK (674)|||kg|01|320417||||18,00||
|0200|Y-1ADI00027|ANTI UV (FS 007L)|||kg|01|320417||||18,00||
|0200|Y-1ADI0008|ANTI ESTATICO (A/E 078L)|||kg|01|390110||||18,00||
|0200|Y-1ADI0007|A.B. (AB003)|||kg|01|390110||||18,00||
|0200|Y-1ADI00033|A.B. (N05505)|||kg|01|390110||||18,00||
|0200|Y-60000064|VCI (DAUB327 TRANSP)|||kg|01|320417||||18,00||
|0200|Y-1ADI00036|A.D. (11072)|||kg|01|390110||||18,00||
|0200|Y-1ADI00034|A.D. (N01804)|||kg|01|390110||||18,00||
|0200|Y-1ADI00026|VLA (N02713)|||kg|01|390110||||18,00||
|0200|Y-1ADI00039|CARBONATO|||kg|01|283650||||18,00||
|0200|Y-1ADI00038|DESSECANTE (DC8830A)|||kg|01|320649||||18,00||
|0200|Y-1ADI00040|DESSECANTE (DC 10084A)|||kg|01|320649||||18,00||
|0200|Y-1BD200181|218 NJ |||kg|01|390190||||18,00||
|0200|Y-1BD200182|LDPE 230N |||kg|01|390110||||18,00||
|0200|Y-1BD200177|LL 1001 XKW|||kg|01|390190||||18,00||
|0200|Y-1-BD200179|LDPE 132I|||kg|01|390190||||18,00||
|0300|03|1|SOLDADOR CONTINUO DE DISCO|03|131020151|48|
|0305|3|PRODUTIVA||
|0300|04|1|BALAN�A BAL BL 6050 - 100 01 CP S C/ PED 1000||131020151|48|
|0305|4|PRODUTIVA||
|0300|05|1|BAL AL 9090- 500 01 CP S S/ PED||131020151|48|
|0305|3|PRODUTIVA||
|0300|06|1|CONTRAMARCO CM9090||131020151|48|
|0305|3|PRODUTIVA||
|0300|07|1|DISPOSITIVOS WICKET||131020151|48|
|0305|3|PRODUTIVA||
|0300|10|1|REBOBINADEIRA CORTADEIRA SHOCKFLEX||131020151|48|
|0305|3|PRODUTIVA||
|0300|9|1|ROLO TRACAO||131020151|48|
|0305|3|PRODUTIVA||
|0300|8|1|ROLO DE COMPRESS�O||131020151|48|
|0305|3|PRODUTIVA||
|0300|13|1|GERADOR DE ULTRASOM||131020151|48|
|0305|3|PRODUTIVA||
|0300|11|1|COMPRESSOR AR GA37VSD+ AFF 380V 60HZ||131020151|48|
|0305|3|PRODUTIVA||
|0300|12|1|MAQUINA EXTRUSORA, MARCA CARNEVALLI MOD E40 USADO NO ESTADO||131020151|48|
|0305|3|PRODUTIVA||
|0300|010|1|MAQUINA EXTRUSORA FILME TUBULAR CBT 45MM||131020151|48|
|0305|3|PRODUTIVA||
|0400|0000000001|COMPRA DE MATERIA PRIMA|
|0400|0000000002|COMPRA DE MATERIAL DE CONSUMO|
|0400|0000000007|COMBUSTIVEIS E LUBRIFICANTES|
|0400|0000000009|OUTRAS ENTRADAS|
|0450|1|MATERIAL DE SUA PROPRIEDADE ENVIADO PARA BENEFICIAMENTO CONFORME SUA NOTA FISCAL NUMERO 13999  QUE RETORNA A ORIGEM ICMS SUSPENSO CONFORME ARTIGO 402 RICM2000 E PORTARIA CAT 11 DE 12022007 IPI SUSPENSO CONFORME ARTIGO 42 INCISO VII|
|0460|1|MAILDESTVENDASPLASTFOAMCOMBR|
|0500|15092015|01|A|1|131020151|MAQUINAS E EQUIPAMENTOS|
|0500|17032016|01|A|5|131020151|MAQUINAS E EQUIPAMENTOS|
|0600|29072014|3|AREA PRODUTIVA|
|0600|01012011|3|AREA PRODUTIVA|
|0600|01012011|4|AREA DE APOIO A PRODUCAO|
|0990|486|
|B001|1|
|B990|2|
|C001|0|
|C100|0|1|5BZ0JIVRJ|55|00|1|000000036|35190127559410000123550010000000361000000001|07012019|07012019|850,00|2|0,00|0,00|850,00|3|0,00|0,00|0,00|0,00|0,00|0,00|0,00|0,00|0,00|0,00|0,00|0,00|
|C110|1|PAGAMENTO ATRAVES DE DEPOSITO BANCARIO  BANCO ITAU AG 6764 CONTA PJ 200397|
|C170|001|43100||1,00000|RL|850,00|0,00|1|000|1101|0000000001|0,00|0,00|0,00|0,00|0,00|0,00|0|03||0,00|15,00|0,00|70|850,00|0,0000|0,000|0,0000|0,00|70|850,00|0,0000|0,000|0,0000|0,00||0,00|
|C190|000|1101|0,00|850,00|0,00|0,00|0,00|0,00|0,00|0,00||
|C100|0|1|57N0ZPYOT|55|00|1|000000119|35190117974431000151550010000001191004327012|29012019|29012019|600,00|2|0,00|0,00|600,00|1|0,00|0,00|0,00|0,00|0,00|0,00|0,00|0,00|0,00|0,00|0,00|0,00|
|C110|1|EMPRESA OPTANTE PELO SIMPLES NACIONAL PORTANTO NAO GERA CREDITO DE ICMS E IPI|
|C170|001|ZP-1313||2,00000|P�|600,00|0,00|1|040|1556|0000000009|0,00|0,00|0,00|0,00|0,00|0,00|0|03||0,00|0,00|0,00|70|600,00|0,0000|0,000|0,0000|0,00|70|600,00|0,0000|0,000|0,0000|0,00||0,00|
|C190|040|1556|0,00|600,00|0,00|0,00|0,00|0,00|0,00|0,00||
|C100|0|1|1992|55|00|1|000000523|35190163083539000171550010000005231008200984|30012019|30012019|68750,00|2|0,00|0,00|68750,00|0|0,00|0,00|0,00|0,00|0,00|0,00|0,00|0,00|0,00|0,00|0,00|0,00|
|C110|1|ICMS SUSPENSO ART406 INCII ALINEA A DO RICMS2000 IPI SUSPENSO ART42 INCVI DO RIPI2002 MATERIAL ENTREGUE EM 21012019 POR CONTA E ORDEM POR MAIS POLIMEROS DO BRASIL LTDA NF117664 DE 21012018|
|C170|001|EVA TN 2020||2750,00000|KG|27500,00|0,00|1|050|1901|0000000009|0,00|0,00|0,00|0,00|0,00|0,00|0|05||0,00|0,00|0,00|70|27500,00|0,0000|0,000|0,0000|0,00|70|27500,00|0,0000|0,000|0,0000|0,00||0,00|
|C170|002|PN 2021||2750,00000|KG|27500,00|0,00|1|050|1901|0000000009|0,00|0,00|0,00|0,00|0,00|0,00|0|05||0,00|0,00|0,00|70|27500,00|0,0000|0,000|0,0000|0,00|70|27500,00|0,0000|0,000|0,0000|0,00||0,00|
|C170|003|HM 728||1375,00000|KG|13750,00|0,00|1|050|1901|0000000009|0,00|0,00|0,00|0,00|0,00|0,00|0|05||0,00|0,00|0,00|70|13750,00|0,0000|0,000|0,0000|0,00|70|13750,00|0,0000|0,000|0,0000|0,00||0,00|
|C190|050|1901|0,00|68750,00|0,00|0,00|0,00|0,00|0,00|0,00||
|C100|0|1|1992|55|00|1|000000524|35190163083539000171550010000005241008200981|30012019|30012019|9500,00|2|0,00|0,00|9500,00|0|0,00|0,00|0,00|0,00|0,00|0,00|0,00|0,00|0,00|0,00|0,00|0,00|
|C110|1|ICMS SUSPENSO ART406 INCII ALINEA A DO RICMS2000 IPI SUSPENSO ART42 INCVI DO RIPI2002 MATERIAL ENTREGUE POR CONTA E ORDEM POR PRISMEX INDCOMPLASTICOS EIRELI NF20165 DE 28012019|
|C170|001|AB 002-A||925,00000|KG|9250,00|0,00|1|050|1901|0000000009|0,00|0,00|0,00|0,00|0,00|0,00|0|05||0,00|0,00|0,00|70|9250,00|0,0000|0,000|0,0000|0,00|70|9250,00|0,0000|0,000|0,0000|0,00||0,00|
|C170|002|AZ 2001-L||25,00000|KG|250,00|0,00|1|050|1901|0000000009|0,00|0,00|0,00|0,00|0,00|0,00|0|05||0,00|0,00|0,00|70|250,00|0,0000|0,000|0,0000|0,00|70|250,00|0,0000|0,000|0,0000|0,00||0,00|
|C190|050|1901|0,00|9500,00|0,00|0,00|0,00|0,00|0,00|0,00||
|C100|0|1|4LK0H4JF1|55|00|1|000000557|35190114173407000125550010000005571220848762|07012019|07012019|5238,00|2|0,00|0,00|5238,00|0|0,00|0,00|0,00|0,00|0,00|0,00|0,00|0,00|0,00|0,00|0,00|0,00|
|C170|001|0045||1003,00000|LTS|5238,00|0,00|1|040|1556|0000000009|0,00|0,00|0,00|0,00|0,00|0,00|0|||0,00|0,00|0,00|70|5238,00|0,0000|0,000|0,0000|0,00|70|5238,00|0,0000|0,000|0,0000|0,00||0,00|
|C190|040|1556|0,00|5238,00|0,00|0,00|0,00|0,00|0,00|0,00||
|C100|0|1|4OW0I289R|55|00|1|000001471|35190168308394000183550010000014711900410007|17012019|17012019|48,00|2|0,00|0,00|48,00|4|0,00|0,00|0,00|0,00|0,00|0,00|0,00|0,00|0,00|0,00|0,00|0,00|
|C170|001|0001.4265||6,00000|PC|48,00|0,00|1|000|1556|0000000009|0,00|0,00|0,00|0,00|0,00|0,00|0|02||0,00|0,00|0,00|70|48,00|0,0000|0,000|0,0000|0,00|70|48,00|0,0000|0,000|0,0000|0,00||0,00|
|C190|000|1556|0,00|48,00|0,00|0,00|0,00|0,00|0,00|0,00||
|C100|0|1|4Z30J3PU6|55|00|1|000001584|35190107296242000113550010000015841342178288|03012019|03012019|6520,20|0|0,00|0,00|6520,20|0|0,00|0,00|0,00|0,00|0,00|0,00|0,00|0,00|0,00|0,00|0,00|0,00|
|C170|001|139||358,00000|UN|4188,60|0,00|1|090|1949|0000000009|0,00|0,00|0,00|0,00|0,00|0,00|0|02||0,00|0,00|0,00|70|4188,60|0,0000|0,000|0,0000|0,00|70|4188,60|0,0000|0,000|0,0000|0,00||0,00|
|C170|002|139||102,00000|UN|1193,40|0,00|1|000|1949|0000000009|0,00|0,00|0,00|0,00|0,00|0,00|0|02||0,00|0,00|0,00|70|1193,40|0,0000|0,000|0,0000|0,00|70|1193,40|0,0000|0,000|0,0000|0,00||0,00|
|C170|003|140||317,00000|UN|951,00|0,00|1|000|1949|0000000009|0,00|0,00|0,00|0,00|0,00|0,00|0|49||0,00|0,00|0,00|70|951,00|0,0000|0,000|0,0000|0,00|70|951,00|0,0000|0,000|0,0000|0,00||0,00|
|C170|004|139||16,00000|UN|187,20|0,00|1|000|1949|0000000009|0,00|0,00|0,00|0,00|0,00|0,00|0|02||0,00|0,00|0,00|70|187,20|0,0000|0,000|0,0000|0,00|70|187,20|0,0000|0,000|0,0000|0,00||0,00|
|C190|000|1949|0,00|2331,60|0,00|0,00|0,00|0,00|0,00|0,00||
|C190|090|1949|0,00|4188,60|0,00|0,00|0,00|0,00|0,00|0,00||
|C100|0|1|4Z30J3PU6|55|00|1|000001594|35190107296242000113550010000015941767944506|16012019|16012019|7900,20|0|0,00|0,00|7900,20|0|0,00|0,00|0,00|0,00|0,00|0,00|0,00|0,00|0,00|0,00|0,00|0,00|
|C170|001|139||419,00000|UN|4902,30|0,00|1|090|1949|0000000009|0,00|0,00|0,00|0,00|0,00|0,00|0|02||0,00|0,00|0,00|70|4902,30|0,0000|0,000|0,0000|0,00|70|4902,30|0,0000|0,000|0,0000|0,00||0,00|
|C170|002|139||137,00000|UN|1602,90|0,00|1|040|1949|0000000009|0,00|0,00|0,00|0,00|0,00|0,00|0|02||0,00|0,00|0,00|70|1602,90|0,0000|0,000|0,0000|0,00|70|1602,90|0,0000|0,000|0,0000|0,00||0,00|
|C170|003|140||387,00000|UN|1161,00|0,00|1|000|1949|0000000009|0,00|0,00|0,00|0,00|0,00|0,00|0|49||0,00|0,00|0,00|70|1161,00|0,0000|0,000|0,0000|0,00|70|1161,00|0,0000|0,000|0,0000|0,00||0,00|
|C170|004|139||20,00000|UN|234,00|0,00|1|000|1949|0000000009|0,00|0,00|0,00|0,00|0,00|0,00|0|02||0,00|0,00|0,00|70|234,00|0,0000|0,000|0,0000|0,00|70|234,00|0,0000|0,000|0,0000|0,00||0,00|
|C190|000|1949|0,00|1395,00|0,00|0,00|0,00|0,00|0,00|0,00||
|C190|040|1949|0,00|1602,90|0,00|0,00|0,00|0,00|0,00|0,00||
|C190|090|1949|0,00|4902,30|0,00|0,00|0,00|0,00|0,00|0,00||
|C100|0|1|4VP0I0VCN|55|00|1|000001895|35190124219897000107550010000018951000019616|16012019|16012019|6000,00|2|0,00|0,00|6000,00|0|0,00|0,00|0,00|0,00|0,00|0,00|0,00|0,00|0,00|0,00|0,00|0,00|
|C170|001|13.07.00.0098||1,00000|UN|6000,00|0,00|1|041|1916|0000000009|0,00|0,00|0,00|0,00|0,00|0,00|0|03||0,00|0,00|0,00|70|6000,00|0,0000|0,000|0,0000|0,00|70|6000,00|0,0000|0,000|0,0000|0,00||0,00|
|C190|041|1916|0,00|6000,00|0,00|0,00|0,00|0,00|0,00|0,00||
|C100|0|1|2633|55|00|1|000001932|35190100840578000156550010000019321445357006|03012019|03012019|4000,00|2|0,00|0,00|4000,00|1|0,00|0,00|0,00|0,00|0,00|0,00|0,00|0,00|0,00|0,00|0,00|0,00|
|C170|001|Y-MED01||1,00000|PC|1000,00|0,00|1|000|1916|0000000009|0,00|0,00|0,00|0,00|0,00|0,00|0|49||0,00|0,00|0,00|70|1000,00|0,0000|0,000|0,0000|0,00|70|1000,00|0,0000|0,000|0,0000|0,00||0,00|
|C170|002|Y- MED01||1,00000|PC|1000,00|0,00|1|040|1916|0000000009|0,00|0,00|0,00|0,00|0,00|0,00|0|49||0,00|0,00|0,00|70|1000,00|0,0000|0,000|0,0000|0,00|70|1000,00|0,0000|0,000|0,0000|0,00||0,00|
|C170|003|Y -MED01||1,00000|PC|1000,00|0,00|1|040|1916|0000000009|0,00|0,00|0,00|0,00|0,00|0,00|0|49||0,00|0,00|0,00|70|1000,00|0,0000|0,000|0,0000|0,00|70|1000,00|0,0000|0,000|0,0000|0,00||0,00|
|C170|004|Y  -MED01||1,00000|PC|1000,00|0,00|1|040|1916|0000000009|0,00|0,00|0,00|0,00|0,00|0,00|0|49||0,00|0,00|0,00|70|1000,00|0,0000|0,000|0,0000|0,00|70|1000,00|0,0000|0,000|0,0000|0,00||0,00|
|C190|000|1916|0,00|1000,00|0,00|0,00|0,00|0,00|0,00|0,00||
|C190|040|1916|0,00|3000,00|0,00|0,00|0,00|0,00|0,00|0,00||
|C100|0|1|903|55|00|1|000002584|35190106158441000100550010000025841782374782|18012019|18012019|2000,00|2|0,00|0,00|2000,00|1|0,00|0,00|0,00|0,00|0,00|0,00|0,00|0,00|0,00|0,00|0,00|0,00|
|C170|001|2002000066||1,00000|PC|2000,00|0,00|1|190|1916|0000000009|0,00|0,00|0,00|0,00|0,00|0,00|0|03||0,00|0,00|0,00|70|2000,00|0,0000|0,000|0,0000|0,00|70|2000,00|0,0000|0,000|0,0000|0,00||0,00|
|C190|190|1916|0,00|2000,00|0,00|0,00|0,00|0,00|0,00|0,00||
|C100|0|1|5550MS7F4|01|00|17|000002927||04012019|04012019|330,87|0|0,00|0,00|330,87|0|0,00|0,00|0,00|0,00|0,00|0,00|0,00|0,00|0,00|0,00|0,00|0,00|
|C170|001|330||2,00000|PC|330,87|0,00|0|000|1653|0000000007|0,00|0,00|0,00|0,00|0,00|0,00|0|49||0,00|0,00|0,00|70|330,87|0,0000|0,000|0,0000|0,00|70|330,87|0,0000|0,000|0,0000|0,00||0,00|
|C190|000|1653|0,00|330,87|0,00|0,00|0,00|0,00|0,00|0,00||
|C100|0|1|5550MS7F4|01|00|17|000003041||16012019|16012019|330,87|0|0,00|0,00|330,87|0|0,00|0,00|0,00|0,00|0,00|0,00|0,00|0,00|0,00|0,00|0,00|0,00|
|C170|001|330||2,00000|PC|330,87|0,00|0|000|1653|0000000007|0,00|0,00|0,00|0,00|0,00|0,00|0|49||0,00|0,00|0,00|70|330,87|0,0000|0,000|0,0000|0,00|70|330,87|0,0000|0,000|0,0000|0,00||0,00|
|C190|000|1653|0,00|330,87|0,00|0,00|0,00|0,00|0,00|0,00||
|C100|0|1|5550MS7F4|01|00|17|000003122||23012019|23012019|330,87|0|0,00|0,00|330,87|0|0,00|0,00|0,00|0,00|0,00|0,00|0,00|0,00|0,00|0,00|0,00|0,00|
|C170|001|330||2,00000|PC|330,87|0,00|0|000|1653|0000000007|0,00|0,00|0,00|0,00|0,00|0,00|0|49||0,00|0,00|0,00|70|330,87|0,0000|0,000|0,0000|0,00|70|330,87|0,0000|0,000|0,0000|0,00||0,00|
|C190|000|1653|0,00|330,87|0,00|0,00|0,00|0,00|0,00|0,00||
|C100|0|1|5DJ0VK6C7|55|00|1|000003404|35190100630234000112550010000034041029406145|22012019|22012019|50000,00|2|0,00|0,00|50000,00|1|0,00|0,00|0,00|0,00|0,00|0,00|0,00|0,00|0,00|0,00|0,00|0,00|
|C170|001|PRES Z-8000019||1,00000|UN|50000,00|0,00|1|041|1918|0000000009|0,00|0,00|0,00|0,00|0,00|0,00|0|||0,00|0,00|0,00|70|50000,00|0,0000|0,000|0,0000|0,00|70|50000,00|0,0000|0,000|0,0000|0,00||0,00|
|C190|041|1918|0,00|50000,00|0,00|0,00|0,00|0,00|0,00|0,00||
|C100|0|1|2620|55|00|1|000003836|35190115648897000131550010000038361609123524|23012019|23012019|843,75|2|0,00|0,00|843,75|0|0,00|0,00|0,00|0,00|0,00|0,00|0,00|0,00|0,00|0,00|0,00|0,00|
|C170|001|PEBD-S4448||3,12500|UND|843,75|0,00|1|440|1124|0000000009|0,00|0,00|0,00|0,00|0,00|0,00|0|49||0,00|0,00|0,00|70|843,75|0,0000|0,000|0,0000|0,00|70|843,75|0,0000|0,000|0,0000|0,00||0,00|
|C190|440|1124|0,00|843,75|0,00|0,00|0,00|0,00|0,00|0,00||
|C100|0|1|2620|55|00|1|000003837|35190115648897000131550010000038371609201514|23012019|23012019|781,25|2|0,00|0,00|781,25|0|0,00|0,00|0,00|0,00|0,00|0,00|0,00|0,00|0,00|0,00|0,00|0,00|
|C170|001|PEBD-S4448||3125,00000|UND|468,75|0,00|1|440|1902|0000000009|0,00|0,00|0,00|0,00|0,00|0,00|0|49||0,00|0,00|0,00|70|468,75|0,0000|0,000|0,0000|0,00|70|468,75|0,0000|0,000|0,0000|0,00||0,00|
|C170|002|PEBD-L1613||3,12500|MIL|312,50|0,00|1|440|1902|0000000009|0,00|0,00|0,00|0,00|0,00|0,00|0|03||0,00|0,00|0,00|70|312,50|0,0000|0,000|0,0000|0,00|70|312,50|0,0000|0,000|0,0000|0,00||0,00|
|C190|440|1902|0,00|781,25|0,00|0,00|0,00|0,00|0,00|0,00||
|C100|0|1|70110|55|00|1|000005994|35190105579877000100550010000059941722402072|04012019|04012019|264,00|2|0,00|0,00|264,00|1|0,00|0,00|0,00|0,00|0,00|0,00|0,00|0,00|0,00|0,00|0,00|0,00|
|C170|001|04.13.000002||24,00000|MT|264,00|0,00|1|040|1556|0000000009|0,00|0,00|0,00|0,00|0,00|0,00|0|02||0,00|0,00|0,00|70|264,00|0,0000|0,000|0,0000|0,00|70|264,00|0,0000|0,000|0,0000|0,00||0,00|
|C190|040|1556|0,00|264,00|0,00|0,00|0,00|0,00|0,00|0,00||
|C100|0|1|70110|55|00|1|000006110|35190105579877000100550010000061101482906552|31012019|31012019|286,00|2|0,00|0,00|286,00|1|0,00|0,00|0,00|0,00|0,00|0,00|0,00|0,00|0,00|0,00|0,00|0,00|
|C170|001|04.13.000002||26,00000|MT|286,00|0,00|1|040|1556|0000000009|0,00|0,00|0,00|0,00|0,00|0,00|0|02||0,00|0,00|0,00|70|286,00|0,0000|0,000|0,0000|0,00|70|286,00|0,0000|0,000|0,0000|0,00||0,00|
|C190|040|1556|0,00|286,00|0,00|0,00|0,00|0,00|0,00|0,00||
|C100|0|1|1996|55|00|1|000007150|35190163902050000184550010000071501716484129|02012019|03012019|3590,00|2|0,00|0,00|3590,00|0|0,00|0,00|0,00|0,00|0,00|0,00|0,00|0,00|0,00|0,00|0,00|0,00|
|C170|001|018||3590,00000|KG|3590,00|0,00|1|050|1902|0000000009|0,00|0,00|0,00|0,00|0,00|0,00|0|49||0,00|0,00|0,00|70|3590,00|0,0000|0,000|0,0000|0,00|70|3590,00|0,0000|0,000|0,0000|0,00||0,00|
|C190|050|1902|0,00|3590,00|0,00|0,00|0,00|0,00|0,00|0,00||
|C100|0|1|1996|55|00|1|000007151|35190163902050000184550010000071511640178992|02012019|03012019|4025,00|2|0,00|0,00|4025,00|0|0,00|0,00|0,00|0,00|0,00|0,00|0,00|0,00|0,00|0,00|0,00|0,00|
|C170|001|020||3500,00000|KG|4025,00|0,00|1|050|1124|0000000009|0,00|0,00|0,00|0,00|0,00|0,00|0|49||0,00|0,00|0,00|70|4025,00|0,0000|0,000|0,0000|0,00|70|4025,00|0,0000|0,000|0,0000|0,00||0,00|
|C170|002|005||90,00000|KG|0,00|0,00|1|050|1124|0000000009|0,00|0,00|0,00|0,00|0,00|0,00|0|02||0,00|0,00|0,00||0,00|0,0000|0,000|0,0000|0,00||0,00|0,0000|0,000|0,0000|0,00||0,00|
|C190|050|1124|0,00|4025,00|0,00|0,00|0,00|0,00|0,00|0,00||
|C100|0|1|1996|55|00|1|000007152|35190163902050000184550010000071521670582195|02012019|03012019|2190,00|2|0,00|0,00|2190,00|0|0,00|0,00|0,00|0,00|0,00|0,00|0,00|0,00|0,00|0,00|0,00|0,00|
|C170|001|018||770,00000|KG|770,00|0,00|1|050|1902|0000000009|0,00|0,00|0,00|0,00|0,00|0,00|0|49||0,00|0,00|0,00|70|770,00|0,0000|0,000|0,0000|0,00|70|770,00|0,0000|0,000|0,0000|0,00||0,00|
|C170|002|017||1420,00000|KG|1420,00|0,00|1|050|1902|0000000009|0,00|0,00|0,00|0,00|0,00|0,00|0|49||0,00|0,00|0,00|70|1420,00|0,0000|0,000|0,0000|0,00|70|1420,00|0,0000|0,000|0,0000|0,00||0,00|
|C190|050|1902|0,00|2190,00|0,00|0,00|0,00|0,00|0,00|0,00||
|C100|0|1|1996|55|00|1|000007153|35190163902050000184550010000071531539395791|02012019|03012019|2443,75|2|0,00|0,00|2443,75|0|0,00|0,00|0,00|0,00|0,00|0,00|0,00|0,00|0,00|0,00|0,00|0,00|
|C170|001|020||750,00000|KG|862,50|0,00|1|050|1124|0000000009|0,00|0,00|0,00|0,00|0,00|0,00|0|49||0,00|0,00|0,00|70|862,50|0,0000|0,000|0,0000|0,00|70|862,50|0,0000|0,000|0,0000|0,00||0,00|
|C170|002|019||1375,00000|KG|1581,25|0,00|1|050|1124|0000000009|0,00|0,00|0,00|0,00|0,00|0,00|0|49||0,00|0,00|0,00|70|1581,25|0,0000|0,000|0,0000|0,00|70|1581,25|0,0000|0,000|0,0000|0,00||0,00|
|C170|003|005||65,00000|KG|0,00|0,00|1|050|1124|0000000009|0,00|0,00|0,00|0,00|0,00|0,00|0|02||0,00|0,00|0,00||0,00|0,0000|0,000|0,0000|0,00||0,00|0,0000|0,000|0,0000|0,00||0,00|
|C190|050|1124|0,00|2443,75|0,00|0,00|0,00|0,00|0,00|0,00||
|C100|0|1|1996|55|00|1|000007166|35190163902050000184550010000071661538604107|10012019|10012019|3680,00|2|0,00|0,00|3680,00|0|0,00|0,00|0,00|0,00|0,00|0,00|0,00|0,00|0,00|0,00|0,00|0,00|
|C170|001|017||1350,00000|KG|1350,00|0,00|1|050|1902|0000000009|0,00|0,00|0,00|0,00|0,00|0,00|0|49||0,00|0,00|0,00|70|1350,00|0,0000|0,000|0,0000|0,00|70|1350,00|0,0000|0,000|0,0000|0,00||0,00|
|C170|002|018||2330,00000|KG|2330,00|0,00|1|050|1902|0000000009|0,00|0,00|0,00|0,00|0,00|0,00|0|49||0,00|0,00|0,00|70|2330,00|0,0000|0,000|0,0000|0,00|70|2330,00|0,0000|0,000|0,0000|0,00||0,00|
|C190|050|1902|0,00|3680,00|0,00|0,00|0,00|0,00|0,00|0,00||
|C100|0|1|1996|55|00|1|000007167|35190163902050000184550010000071671646090388|10012019|10012019|4111,25|2|0,00|0,00|4111,25|0|0,00|0,00|0,00|0,00|0,00|0,00|0,00|0,00|0,00|0,00|0,00|0,00|
|C170|001|019||1425,00000|KG|1638,75|0,00|1|050|1124|0000000009|0,00|0,00|0,00|0,00|0,00|0,00|0|02||0,00|0,00|0,00|70|1638,75|0,0000|0,000|0,0000|0,00|70|1638,75|0,0000|0,000|0,0000|0,00||0,00|
|C170|002|020||2150,00000|KG|2472,50|0,00|1|050|1124|0000000009|0,00|0,00|0,00|0,00|0,00|0,00|0|02||0,00|0,00|0,00|70|2472,50|0,0000|0,000|0,0000|0,00|70|2472,50|0,0000|0,000|0,0000|0,00||0,00|
|C170|003|005||105,00000|KG|0,00|0,00|1|050|1124|0000000009|0,00|0,00|0,00|0,00|0,00|0,00|0|02||0,00|0,00|0,00||0,00|0,0000|0,000|0,0000|0,00||0,00|0,0000|0,000|0,0000|0,00||0,00|
|C190|050|1124|0,00|4111,25|0,00|0,00|0,00|0,00|0,00|0,00||
|C100|0|1|1996|55|00|1|000007168|35190163902050000184550010000071681179695287|10012019|10012019|1920,00|2|0,00|0,00|1920,00|0|0,00|0,00|0,00|0,00|0,00|0,00|0,00|0,00|0,00|0,00|0,00|0,00|
|C170|001|049||1920,00000|KG|1920,00|0,00|1|050|1902|0000000009|0,00|0,00|0,00|0,00|0,00|0,00|0|||0,00|0,00|0,00|70|1920,00|0,0000|0,000|0,0000|0,00|70|1920,00|0,0000|0,000|0,0000|0,00||0,00|
|C190|050|1902|0,00|1920,00|0,00|0,00|0,00|0,00|0,00|0,00||
|C100|0|1|1996|55|00|1|000007169|35190163902050000184550010000071691651534137|10012019|10012019|2700,00|2|0,00|0,00|2700,00|0|0,00|0,00|0,00|0,00|0,00|0,00|0,00|0,00|0,00|0,00|0,00|0,00|
|C170|001|067||1875,00000|KG|2700,00|0,00|1|050|1124|0000000009|0,00|0,00|0,00|0,00|0,00|0,00|0|02||0,00|0,00|0,00|70|2700,00|0,0000|0,000|0,0000|0,00|70|2700,00|0,0000|0,000|0,0000|0,00||0,00|
|C170|002|005||45,00000|KG|0,00|0,00|1|050|1124|0000000009|0,00|0,00|0,00|0,00|0,00|0,00|0|02||0,00|0,00|0,00||0,00|0,0000|0,000|0,0000|0,00||0,00|0,0000|0,000|0,0000|0,00||0,00|
|C190|050|1124|0,00|2700,00|0,00|0,00|0,00|0,00|0,00|0,00||
|C100|0|1|1996|55|00|1|000007174|35190163902050000184550010000071741730146180|15012019|15012019|2330,00|2|0,00|0,00|2330,00|0|0,00|0,00|0,00|0,00|0,00|0,00|0,00|0,00|0,00|0,00|0,00|0,00|
|C170|001|017||2330,00000|KG|2330,00|0,00|1|040|1902|0000000009|0,00|0,00|0,00|0,00|0,00|0,00|0|49||0,00|0,00|0,00|70|2330,00|0,0000|0,000|0,0000|0,00|70|2330,00|0,0000|0,000|0,0000|0,00||0,00|
|C190|040|1902|0,00|2330,00|0,00|0,00|0,00|0,00|0,00|0,00||
|C100|0|1|1996|55|00|1|000007175|35190163902050000184550010000071751289900319|15012019|15012019|2587,50|2|0,00|0,00|2587,50|0|0,00|0,00|0,00|0,00|0,00|0,00|0,00|0,00|0,00|0,00|0,00|0,00|
|C170|001|019||2250,00000|KG|2587,50|0,00|1|040|1124|0000000009|0,00|0,00|0,00|0,00|0,00|0,00|0|49||0,00|0,00|0,00|70|2587,50|0,0000|0,000|0,0000|0,00|70|2587,50|0,0000|0,000|0,0000|0,00||0,00|
|C170|002|005||80,00000|KG|0,00|0,00|1|040|1124|0000000009|0,00|0,00|0,00|0,00|0,00|0,00|0|02||0,00|0,00|0,00||0,00|0,0000|0,000|0,0000|0,00||0,00|0,0000|0,000|0,0000|0,00||0,00|
|C190|040|1124|0,00|2587,50|0,00|0,00|0,00|0,00|0,00|0,00||
|C100|0|1|1996|55|00|1|000007183|35190163902050000184550010000071831640507400|21012019|21012019|1910,00|2|0,00|0,00|1910,00|0|0,00|0,00|0,00|0,00|0,00|0,00|0,00|0,00|0,00|0,00|0,00|0,00|
|C170|001|017||1910,00000|KG|1910,00|0,00|1|040|1902|0000000009|0,00|0,00|0,00|0,00|0,00|0,00|0|49||0,00|0,00|0,00|70|1910,00|0,0000|0,000|0,0000|0,00|70|1910,00|0,0000|0,000|0,0000|0,00||0,00|
|C190|040|1902|0,00|1910,00|0,00|0,00|0,00|0,00|0,00|0,00||
|C100|0|1|1996|55|00|1|000007184|35190163902050000184550010000071841302832481|21012019|21012019|2127,50|2|0,00|0,00|2127,50|0|0,00|0,00|0,00|0,00|0,00|0,00|0,00|0,00|0,00|0,00|0,00|0,00|
|C170|001|019||1850,00000|KG|2127,50|0,00|1|040|1124|0000000009|0,00|0,00|0,00|0,00|0,00|0,00|0|49||0,00|0,00|0,00|70|2127,50|0,0000|0,000|0,0000|0,00|70|2127,50|0,0000|0,000|0,0000|0,00||0,00|
|C170|002|005||60,00000|KG|0,00|0,00|1|040|1124|0000000009|0,00|0,00|0,00|0,00|0,00|0,00|0|02||0,00|0,00|0,00||0,00|0,0000|0,000|0,0000|0,00||0,00|0,0000|0,000|0,0000|0,00||0,00|
|C190|040|1124|0,00|2127,50|0,00|0,00|0,00|0,00|0,00|0,00||
|C100|0|1|1996|55|00|1|000007185|35190163902050000184550010000071851545060171|21012019|21012019|2630,00|2|0,00|0,00|2630,00|0|0,00|0,00|0,00|0,00|0,00|0,00|0,00|0,00|0,00|0,00|0,00|0,00|
|C170|001|018||2630,00000|KG|2630,00|0,00|1|040|1902|0000000009|0,00|0,00|0,00|0,00|0,00|0,00|0|49||0,00|0,00|0,00|70|2630,00|0,0000|0,000|0,0000|0,00|70|2630,00|0,0000|0,000|0,0000|0,00||0,00|
|C190|040|1902|0,00|2630,00|0,00|0,00|0,00|0,00|0,00|0,00||
|C100|0|1|1996|55|00|1|000007186|35190163902050000184550010000071861777474770|21012019|21012019|2961,25|2|0,00|0,00|2961,25|0|0,00|0,00|0,00|0,00|0,00|0,00|0,00|0,00|0,00|0,00|0,00|0,00|
|C170|001|020||2575,00000|KG|2961,25|0,00|1|040|1124|0000000009|0,00|0,00|0,00|0,00|0,00|0,00|0|03||0,00|0,00|0,00|70|2961,25|0,0000|0,000|0,0000|0,00|70|2961,25|0,0000|0,000|0,0000|0,00||0,00|
|C170|002|005||55,00000|KG|0,00|0,00|1|040|1124|0000000009|0,00|0,00|0,00|0,00|0,00|0,00|0|02||0,00|0,00|0,00||0,00|0,0000|0,000|0,0000|0,00||0,00|0,0000|0,000|0,0000|0,00||0,00|
|C190|040|1124|0,00|2961,25|0,00|0,00|0,00|0,00|0,00|0,00||
|C100|0|1|1996|55|00|1|000007197|35190163902050000184550010000071971542271784|29012019|29012019|2080,00|2|0,00|0,00|2080,00|0|0,00|0,00|0,00|0,00|0,00|0,00|0,00|0,00|0,00|0,00|0,00|0,00|
|C170|001|017||2080,00000|KG|2080,00|0,00|1|040|1902|0000000009|0,00|0,00|0,00|0,00|0,00|0,00|0|49||0,00|0,00|0,00|70|2080,00|0,0000|0,000|0,0000|0,00|70|2080,00|0,0000|0,000|0,0000|0,00||0,00|
|C190|040|1902|0,00|2080,00|0,00|0,00|0,00|0,00|0,00|0,00||
|C100|0|1|1996|55|00|1|000007198|35190163902050000184550010000071981654821180|29012019|29012019|2328,75|2|0,00|0,00|2328,75|0|0,00|0,00|0,00|0,00|0,00|0,00|0,00|0,00|0,00|0,00|0,00|0,00|
|C170|001|019||2025,00000|KG|2328,75|0,00|1|040|1124|0000000009|0,00|0,00|0,00|0,00|0,00|0,00|0|02||0,00|0,00|0,00|70|2328,75|0,0000|0,000|0,0000|0,00|70|2328,75|0,0000|0,000|0,0000|0,00||0,00|
|C170|002|005||55,00000|KG|0,00|0,00|1|040|1124|0000000009|0,00|0,00|0,00|0,00|0,00|0,00|0|02||0,00|0,00|0,00||0,00|0,0000|0,000|0,0000|0,00||0,00|0,0000|0,000|0,0000|0,00||0,00|
|C190|040|1124|0,00|2328,75|0,00|0,00|0,00|0,00|0,00|0,00||
|C100|0|1|1996|55|00|1|000007199|35190163902050000184550010000071991318466091|30012019|31012019|3750,00|2|0,00|0,00|3750,00|0|0,00|0,00|0,00|0,00|0,00|0,00|0,00|0,00|0,00|0,00|0,00|0,00|
|C170|001|018||3750,00000|KG|3750,00|0,00|1|040|1902|0000000009|0,00|0,00|0,00|0,00|0,00|0,00|0|49||0,00|0,00|0,00|70|3750,00|0,0000|0,000|0,0000|0,00|70|3750,00|0,0000|0,000|0,0000|0,00||0,00|
|C190|040|1902|0,00|3750,00|0,00|0,00|0,00|0,00|0,00|0,00||
|C100|0|1|1996|55|00|1|000007200|35190163902050000184550010000072001722392722|30012019|31012019|4197,50|2|0,00|0,00|4197,50|0|0,00|0,00|0,00|0,00|0,00|0,00|0,00|0,00|0,00|0,00|0,00|0,00|
|C170|001|020||3650,00000|KG|4197,50|0,00|1|040|1124|0000000009|0,00|0,00|0,00|0,00|0,00|0,00|0|49||0,00|0,00|0,00|70|4197,50|0,0000|0,000|0,0000|0,00|70|4197,50|0,0000|0,000|0,0000|0,00||0,00|
|C170|002|005||100,00000|KG|0,00|0,00|1|040|1124|0000000009|0,00|0,00|0,00|0,00|0,00|0,00|0|02||0,00|0,00|0,00||0,00|0,0000|0,000|0,0000|0,00||0,00|0,0000|0,000|0,0000|0,00||0,00|
|C190|040|1124|0,00|4197,50|0,00|0,00|0,00|0,00|0,00|0,00||
|C100|0|1|1996|55|00|1|000007201|35190163902050000184550010000072011191866041|30012019|31012019|2390,00|2|0,00|0,00|2390,00|0|0,00|0,00|0,00|0,00|0,00|0,00|0,00|0,00|0,00|0,00|0,00|0,00|
|C170|001|018||2390,00000|KG|2390,00|0,00|1|040|1902|0000000009|0,00|0,00|0,00|0,00|0,00|0,00|0|49||0,00|0,00|0,00|70|2390,00|0,0000|0,000|0,0000|0,00|70|2390,00|0,0000|0,000|0,0000|0,00||0,00|
|C190|040|1902|0,00|2390,00|0,00|0,00|0,00|0,00|0,00|0,00||
|C100|0|1|1996|55|00|1|000007203|35190163902050000184550010000072031483444133|30012019|31012019|2673,75|2|0,00|0,00|2673,75|0|0,00|0,00|0,00|0,00|0,00|0,00|0,00|0,00|0,00|0,00|0,00|0,00|
|C170|001|020||2325,00000|KG|2673,75|0,00|1|040|1124|0000000009|0,00|0,00|0,00|0,00|0,00|0,00|0|49||0,00|0,00|0,00|70|2673,75|0,0000|0,000|0,0000|0,00|70|2673,75|0,0000|0,000|0,0000|0,00||0,00|
|C170|002|005||65,00000|KG|0,00|0,00|1|040|1124|0000000009|0,00|0,00|0,00|0,00|0,00|0,00|0|02||0,00|0,00|0,00||0,00|0,0000|0,000|0,0000|0,00||0,00|0,0000|0,000|0,0000|0,00||0,00|
|C190|040|1124|0,00|2673,75|0,00|0,00|0,00|0,00|0,00|0,00||
|C100|0|1|692|55|00|1|000007212|35190104386533000104550010000072121516243041|22012019|23012019|5232,00|2|0,00|0,00|5232,00|3|0,00|0,00|0,00|0,00|0,00|0,00|0,00|0,00|0,00|0,00|0,00|0,00|
|C170|001|PM15L||8,00000|RL|4032,00|0,00|1|140|1101|0000000001|0,00|0,00|0,00|0,00|0,00|0,00|0|||0,00|0,00|0,00|70|4032,00|0,0000|0,000|0,0000|0,00|70|4032,00|0,0000|0,000|0,0000|0,00||0,00|
|C170|002|L25||16,00000|RL|1200,00|0,00|1|140|1101|0000000001|0,00|0,00|0,00|0,00|0,00|0,00|0|||0,00|0,00|0,00|70|1200,00|0,0000|0,000|0,0000|0,00|70|1200,00|0,0000|0,000|0,0000|0,00||0,00|
|C190|140|1101|0,00|5232,00|0,00|0,00|0,00|0,00|0,00|0,00|1|
|C195|1|NFEMAIL 1999|
|C100|0|1|2005|55|00|1|000007701|35190164166812000194550010000077011996702960|23012019|23012019|37000,00|2|0,00|0,00|37000,00|1|0,00|0,00|0,00|0,00|0,00|0,00|0,00|0,00|0,00|0,00|0,00|0,00|
|C170|001|S01701||1,00000|UN|37000,00|0,00|1|050|1916|0000000009|0,00|0,00|0,00|0,00|0,00|0,00|0|03||0,00|0,00|0,00|70|37000,00|0,0000|0,000|0,0000|0,00|70|37000,00|0,0000|0,000|0,0000|0,00||0,00|
|C190|050|1916|0,00|37000,00|0,00|0,00|0,00|0,00|0,00|0,00||
|C100|0|1|4TR0SNCF8|55|00|1|000008324|35190124183383000149550010000083241000083240|31012019|31012019|1721,90|2|0,00|0,00|1721,90|0|0,00|0,00|0,00|1721,90|309,94|0,00|0,00|0,00|0,00|0,00|0,00|0,00|
|C170|001|Y-60000064||75,00000|KG|1500,00|0,00|1|000|1101|0000000001|1500,00|18,00|270,00|0,00|0,00|0,00|0|01||0,00|0,00|0,00|70|1500,00|0,0000|0,000|0,0000|0,00|70|1500,00|0,0000|0,000|0,0000|0,00||0,00|
|C170|002|Y-60000064||31,70000|KG|221,90|0,00|1|000|1101|0000000001|221,90|18,00|39,94|0,00|0,00|0,00|0|01||0,00|0,00|0,00|70|221,90|0,0000|0,000|0,0000|0,00|70|221,90|0,0000|0,000|0,0000|0,00||0,00|
|C190|000|1101|18,00|1721,90|1721,90|309,94|0,00|0,00|0,00|0,00||
|C100|0|1|2044|55|00|1|000010550|35190166136086000192550010000105501671009956|04012019|04012019|571,00|2|0,00|0,00|571,00|0|0,00|0,00|0,00|0,00|0,00|0,00|0,00|0,00|0,00|0,00|0,00|0,00|
|C110|1|DOCUMENTO EMITIDO POR ME OU EPP  EMPRESA OPTANTE PELO SIMPLES NACIONAL  NAO GERA CREDITO DE IPI CONFORME LEI COMPLEMENTAR 1232006|
|C170|001|LPBR/PU0500800||100,00000|MT|220,00|0,00|1|040|1556|0000000009|0,00|0,00|0,00|0,00|0,00|0,00|0|03||0,00|0,00|0,00|70|220,00|0,0000|0,000|0,0000|0,00|70|220,00|0,0000|0,000|0,0000|0,00||0,00|
|C170|002|LPBR/PU0501000||100,00000|MT|351,00|0,00|1|040|1556|0000000009|0,00|0,00|0,00|0,00|0,00|0,00|0|03||0,00|0,00|0,00|70|351,00|0,0000|0,000|0,0000|0,00|70|351,00|0,0000|0,000|0,0000|0,00||0,00|
|C190|040|1556|0,00|571,00|0,00|0,00|0,00|0,00|0,00|0,00||
|C100|0|1|4VP0I0VK0|55|00|1|000010672|35190126675683000170550010000106721000284039|03012019|03012019|9062,23|2|0,00|0,00|7880,20|0|0,00|0,00|0,00|7880,20|1418,44|0,00|0,00|1182,03|0,00|0,00|0,00|0,00|
|C170|001|0015||1271,00000|KG|7880,20|0,00|1|000|1101|0000000001|7880,20|18,00|1418,44|0,00|0,00|0,00|0|00||7880,20|15,00|1182,03|70|7880,20|0,0000|0,000|0,0000|0,00|70|7880,20|0,0000|0,000|0,0000|0,00||0,00|
|C190|000|1101|18,00|9062,23|7880,20|1418,44|0,00|0,00|0,00|1182,03||
|C100|0|1|4VP0I0VK0|55|00|1|000010685|35190126675683000170550010000106851000284169|03012019|03012019|5889,38|2|0,00|0,00|5121,20|0|0,00|0,00|0,00|5121,20|921,82|0,00|0,00|768,18|0,00|0,00|0,00|0,00|
|C170|001|0015||826,00000|KG|5121,20|0,00|1|000|1101|0000000001|5121,20|18,00|921,82|0,00|0,00|0,00|0|00||5121,20|15,00|768,18|70|5121,20|0,0000|0,000|0,0000|0,00|70|5121,20|0,0000|0,000|0,0000|0,00||0,00|
|C190|000|1101|18,00|5889,38|5121,20|921,82|0,00|0,00|0,00|768,18||
|C100|0|1|4VP0I0VK0|55|00|1|000010903|35190126675683000170550010000109031000287010|21012019|21012019|4292,26|2|0,00|0,00|3732,40|0|0,00|0,00|0,00|3732,40|671,83|0,00|0,00|559,86|0,00|0,00|0,00|0,00|
|C170|001|0015||602,00000|KG|3732,40|0,00|1|000|1101|0000000001|3732,40|18,00|671,83|0,00|0,00|0,00|0|00||3732,40|15,00|559,86|70|3732,40|0,0000|0,000|0,0000|0,00|70|3732,40|0,0000|0,000|0,0000|0,00||0,00|
|C190|000|1101|18,00|4292,26|3732,40|671,83|0,00|0,00|0,00|559,86||
|C100|0|1|4VP0I0VK0|55|00|1|000010904|35190126675683000170550010000109041000287026|21012019|21012019|5761,04|2|0,00|0,00|5009,60|1|0,00|0,00|0,00|5009,60|901,73|0,00|0,00|751,44|0,00|0,00|0,00|0,00|
|C170|001|0015||808,00000|KG|5009,60|0,00|1|000|1101|0000000001|5009,60|18,00|901,73|0,00|0,00|0,00|0|00||5009,60|15,00|751,44|70|5009,60|0,0000|0,000|0,0000|0,00|70|5009,60|0,0000|0,000|0,0000|0,00||0,00|
|C190|000|1101|18,00|5761,04|5009,60|901,73|0,00|0,00|0,00|751,44||
|C100|0|1|4VP0I0VK0|55|00|1|000011047|35190126675683000170550010000110471000288785|31012019|31012019|5846,60|2|0,00|0,00|5084,00|1|0,00|0,00|0,00|5084,00|915,12|0,00|0,00|762,60|0,00|0,00|0,00|0,00|
|C170|001|0015||820,00000|KG|5084,00|0,00|1|000|1101|0000000001|5084,00|18,00|915,12|0,00|0,00|0,00|0|00||5084,00|15,00|762,60|70|5084,00|0,0000|0,000|0,0000|0,00|70|5084,00|0,0000|0,000|0,0000|0,00||0,00|
|C190|000|1101|18,00|5846,60|5084,00|915,12|0,00|0,00|0,00|762,60||
|C100|0|1|5EK0GB238|55|00|1|000012447|42190102818949000129550010000124471000124478|30012019|30012019|3944,20|2|0,00|0,00|3944,20|0|0,00|0,00|0,00|3944,20|473,30|0,00|0,00|0,00|0,00|0,00|0,00|0,00|
|C170|001|01020009||185,00000|PC|3944,20|0,00|1|000|2101|0000000001|3944,20|12,00|473,30|0,00|0,00|0,00|0|03||0,00|0,00|0,00|70|3944,20|0,0000|0,000|0,0000|0,00|70|3944,20|0,0000|0,000|0,0000|0,00||0,00|
|C190|000|2101|12,00|3944,20|3944,20|473,30|0,00|0,00|0,00|0,00||
|C100|0|1|5BX0TKZUY|55|00|1|000014186|35190130691476000187550010000141861000050637|07012019|07012019|308,20|2|0,00|0,00|308,20|0|0,00|0,00|0,00|0,00|0,00|0,00|0,00|0,00|0,00|0,00|0,00|0,00|
|C170|001|FV6||200,00000|PC|39,20|0,00|1|060|1556|0000000009|0,00|0,00|0,00|0,00|0,00|0,00|0|||0,00|0,00|0,00|70|39,20|0,0000|0,000|0,0000|0,00|70|39,20|0,0000|0,000|0,0000|0,00||0,00|
|C170|002|AR9458||200,00000|PC|38,00|0,00|1|060|1556|0000000009|0,00|0,00|0,00|0,00|0,00|0,00|0|||0,00|0,00|0,00|70|38,00|0,0000|0,000|0,0000|0,00|70|38,00|0,0000|0,000|0,0000|0,00||0,00|
|C170|003|AR09456||200,00000|PC|38,00|0,00|1|060|1556|0000000009|0,00|0,00|0,00|0,00|0,00|0,00|0|||0,00|0,00|0,00|70|38,00|0,0000|0,000|0,0000|0,00|70|38,00|0,0000|0,000|0,0000|0,00||0,00|
|C170|004|FSVVD-20||200,00000|PC|38,00|0,00|1|060|1556|0000000009|0,00|0,00|0,00|0,00|0,00|0,00|0|||0,00|0,00|0,00|70|38,00|0,0000|0,000|0,0000|0,00|70|38,00|0,0000|0,000|0,0000|0,00||0,00|
|C170|005|CABHEPR60PT||50,00000|M|155,00|0,00|1|060|1556|0000000009|0,00|0,00|0,00|0,00|0,00|0,00|0|||0,00|0,00|0,00|70|155,00|0,0000|0,000|0,0000|0,00|70|155,00|0,0000|0,000|0,0000|0,00||0,00|
|C190|060|1556|0,00|308,20|0,00|0,00|0,00|0,00|0,00|0,00||
|C100|0|1|820|55|00|1|000014276|35190105258612000100550010000142761605650404|17012019|18012019|12463,00|2|0,00|0,00|11330,00|0|0,00|0,00|0,00|11330,00|2039,40|0,00|0,00|1133,00|0,00|0,00|0,00|0,00|
|C170|001|PK7||1500,00000|PC|1245,00|0,00|1|000|1101|0000000001|1245,00|18,00|224,10|0,00|0,00|0,00|0|00||1245,00|10,00|124,50|70|1245,00|0,0000|0,000|0,0000|0,00|70|1245,00|0,0000|0,000|0,0000|0,00||0,00|
|C170|002|PK922||1500,00000|PC|1140,00|0,00|1|000|1101|0000000001|1140,00|18,00|205,20|0,00|0,00|0,00|0|00||1140,00|10,00|114,00|70|1140,00|0,0000|0,000|0,0000|0,00|70|1140,00|0,0000|0,000|0,0000|0,00||0,00|
|C170|003|PK10110||250,00000|PC|3070,00|0,00|1|000|1101|0000000001|3070,00|18,00|552,60|0,00|0,00|0,00|0|00||3070,00|10,00|307,00|70|3070,00|0,0000|0,000|0,0000|0,00|70|3070,00|0,0000|0,000|0,0000|0,00||0,00|
|C170|004|PK435||250,00000|PC|3265,00|0,00|1|000|1101|0000000001|3265,00|18,00|587,70|0,00|0,00|0,00|0|00||3265,00|10,00|326,50|70|3265,00|0,0000|0,000|0,0000|0,00|70|3265,00|0,0000|0,000|0,0000|0,00||0,00|
|C170|005|PK367||150,00000|PC|2610,00|0,00|1|000|1101|0000000001|2610,00|18,00|469,80|0,00|0,00|0,00|0|00||2610,00|10,00|261,00|70|2610,00|0,0000|0,000|0,0000|0,00|70|2610,00|0,0000|0,000|0,0000|0,00||0,00|
|C190|000|1101|18,00|12463,00|11330,00|2039,40|0,00|0,00|0,00|1133,00|1|
|C195|1|EMAILEMIT FINANCEIROPACKTUBOSCOMBR EXIBEHRSAIDA 1 EXIBEDTSAIDA 1 EXIBEDTSAIDA 1 QTDCASASDECP 2 QTDCASASDECQ 4 QTDCASASDECPU 2|
|C100|0|1|53B0Q62IB|55|00|1|000017855|35190104547627000118550010000178551000283010|24012019|24012019|741,00|2|0,00|0,00|741,00|1|0,00|0,00|0,00|0,00|0,00|0,00|0,00|0,00|0,00|0,00|0,00|0,00|
|C170|001|00000371||1,00000|PC|375,00|0,00|1|040|1556|0000000009|0,00|0,00|0,00|0,00|0,00|0,00|0|||0,00|0,00|0,00|70|375,00|0,0000|0,000|0,0000|0,00|70|375,00|0,0000|0,000|0,0000|0,00||0,00|
|C170|002|00035095||2,00000|PC|366,00|0,00|1|040|1556|0000000009|0,00|0,00|0,00|0,00|0,00|0,00|0|||0,00|0,00|0,00|70|366,00|0,0000|0,000|0,0000|0,00|70|366,00|0,0000|0,000|0,0000|0,00||0,00|
|C190|040|1556|0,00|741,00|0,00|0,00|0,00|0,00|0,00|0,00|1|
|C195|1|1 NP 30714 2 PEDIDO CRISTIANE|
|C100|0|1|3WI0W9LQ1|55|00|1|000020162|35190108594076000102550010000201621000201627|28012019|28012019|3500,00|2|0,00|0,00|3500,00|0|0,00|0,00|0,00|3500,00|630,00|0,00|0,00|0,00|0,00|0,00|0,00|0,00|
|C170|001|66121||250,00000|KG|3500,00|0,00|1|000|1101|0000000001|3500,00|18,00|630,00|0,00|0,00|0,00|0|03||0,00|0,00|0,00|70|3500,00|0,0000|0,000|0,0000|0,00|70|3500,00|0,0000|0,000|0,0000|0,00||0,00|
|C190|000|1101|18,00|3500,00|3500,00|630,00|0,00|0,00|0,00|0,00|1|
|C195|1|VENDEDOR X PEDIDO X|
|C100|0|1|3WI0W9LQ1|55|00|1|000020165|35190108594076000102550010000201651000201653|28012019|28012019|13058,75|2|0,00|0,00|13058,75|0|0,00|0,00|0,00|0,00|0,00|0,00|0,00|0,00|0,00|0,00|0,00|0,00|
|C170|001|14465||25,00000|KG|478,75|0,00|1|000|1923|0000000001|0,00|0,00|0,00|0,00|0,00|0,00|0|03||0,00|0,00|0,00|70|478,75|0,0000|0,000|0,0000|0,00|70|478,75|0,0000|0,000|0,0000|0,00||0,00|
|C170|002|66121||925,00000|KG|12580,00|0,00|1|000|1923|0000000009|0,00|0,00|0,00|0,00|0,00|0,00|0|03||0,00|0,00|0,00|70|12580,00|0,0000|0,000|0,0000|0,00|70|12580,00|0,0000|0,000|0,0000|0,00||0,00|
|C190|000|1923|0,00|13058,75|0,00|0,00|0,00|0,00|0,00|0,00|1|
|C195|1|VENDEDOR X PEDIDO X|
|C100|0|1|2035|55|00|1|000020737|35190165874968000192550010000207371782374787|30012019|30012019|3800,00|2|0,00|0,00|3800,00|0|0,00|0,00|0,00|0,00|0,00|0,00|0,00|0,00|0,00|0,00|0,00|0,00|
|C170|001|2003000055||1,00000|UN|3800,00|0,00|1|100|1556|0000000009|0,00|0,00|0,00|0,00|0,00|0,00|0|49||0,00|15,00|0,00|70|3304,35|0,0000|0,000|0,0000|0,00|70|3304,35|0,0000|0,000|0,0000|0,00||0,00|
|C190|100|1556|0,00|3800,00|0,00|0,00|0,00|0,00|0,00|0,00||
|C100|0|1|2076|55|00|1|000025645|35190167308635000202550010000256451409141704|03012019|03012019|7100,00|2|0,00|0,00|7100,00|0|0,00|0,00|0,00|0,00|0,00|0,00|0,00|0,00|0,00|0,00|0,00|0,00|
|C170|001|999-0060||2,00000|PC|3000,00|0,00|1|040|1915|0000000009|0,00|0,00|0,00|0,00|0,00|0,00|0|03||0,00|0,00|0,00|70|3000,00|0,0000|0,000|0,0000|0,00|70|3000,00|0,0000|0,000|0,0000|0,00||0,00|
|C170|002|999-0060||1,00000|PC|500,00|0,00|1|040|1915|0000000009|0,00|0,00|0,00|0,00|0,00|0,00|0|03||0,00|0,00|0,00|70|500,00|0,0000|0,000|0,0000|0,00|70|500,00|0,0000|0,000|0,0000|0,00||0,00|
|C170|003|999-0060||1,00000|PC|1000,00|0,00|1|040|1915|0000000009|0,00|0,00|0,00|0,00|0,00|0,00|0|03||0,00|0,00|0,00|70|1000,00|0,0000|0,000|0,0000|0,00|70|1000,00|0,0000|0,000|0,0000|0,00||0,00|
|C170|004|999-0060||1,00000|PC|800,00|0,00|1|040|1915|0000000009|0,00|0,00|0,00|0,00|0,00|0,00|0|03||0,00|0,00|0,00|70|800,00|0,0000|0,000|0,0000|0,00|70|800,00|0,0000|0,000|0,0000|0,00||0,00|
|C170|005|999-0060||1,00000|PC|1000,00|0,00|1|040|1915|0000000009|0,00|0,00|0,00|0,00|0,00|0,00|0|03||0,00|0,00|0,00|70|1000,00|0,0000|0,000|0,0000|0,00|70|1000,00|0,0000|0,000|0,0000|0,00||0,00|
|C170|006|999-0060||2,00000|PC|800,00|0,00|1|040|1915|0000000009|0,00|0,00|0,00|0,00|0,00|0,00|0|03||0,00|0,00|0,00|70|800,00|0,0000|0,000|0,0000|0,00|70|800,00|0,0000|0,000|0,0000|0,00||0,00|
|C190|040|1915|0,00|7100,00|0,00|0,00|0,00|0,00|0,00|0,00||
|C100|0|1|2076|55|00|1|000025646|35190167308635000202550010000256461660840330|03012019|03012019|2000,00|2|0,00|0,00|2000,00|0|0,00|0,00|0,00|0,00|0,00|0,00|0,00|0,00|0,00|0,00|0,00|0,00|
|C170|001|999-0060||2,00000|PC|2000,00|0,00|1|040|1949|0000000009|0,00|0,00|0,00|0,00|0,00|0,00|0|03||0,00|0,00|0,00|70|2000,00|0,0000|0,000|0,0000|0,00|70|2000,00|0,0000|0,000|0,0000|0,00||0,00|
|C190|040|1949|0,00|2000,00|0,00|0,00|0,00|0,00|0,00|0,00||
|C100|0|1|2076|55|00|1|000025647|35190167308635000202550010000256471849522999|03012019|03012019|10,50|2|0,00|0,00|10,50|0|0,00|0,00|0,00|0,00|0,00|0,00|0,00|0,00|0,00|0,00|0,00|0,00|
|C170|001|308-0028||21,00000|UN|10,50|0,00|1|040|1949|0000000009|0,00|0,00|0,00|0,00|0,00|0,00|0|03||0,00|0,00|0,00|70|10,50|0,0000|0,000|0,0000|0,00|70|10,50|0,0000|0,000|0,0000|0,00||0,00|
|C190|040|1949|0,00|10,50|0,00|0,00|0,00|0,00|0,00|0,00||
|C100|0|1|2076|55|00|1|000025727|35190167308635000202550010000257271386017244|15012019|15012019|1360,80|2|0,00|0,00|1296,00|0|0,00|0,00|0,00|1296,00|233,28|0,00|0,00|64,80|0,00|0,00|0,00|0,00|
|C170|001|100-0352||1800,00000|M2|1296,00|0,00|1|000|1101|0000000001|1296,00|18,00|233,28|0,00|0,00|0,00|0|00||1296,00|15,00|64,80|70|1296,00|0,0000|0,000|0,0000|0,00|70|1296,00|0,0000|0,000|0,0000|0,00||0,00|
|C190|000|1101|18,00|1360,80|1296,00|233,28|0,00|0,00|0,00|64,80||
|C100|0|1|2414|01|00|12|000028745||22012019|22012019|1877,82|0|0,00|0,00|1877,82|0|0,00|0,00|0,00|0,00|0,00|0,00|0,00|0,00|0,00|0,00|0,00|0,00|
|C170|001|331||170,00000|KG|1877,82|0,00|0|000|1653|0000000007|0,00|0,00|0,00|0,00|0,00|0,00|0|49||0,00|0,00|0,00|70|1877,82|0,0000|0,000|0,0000|0,00|70|1877,82|0,0000|0,000|0,0000|0,00||0,00|
|C190|000|1653|0,00|1877,82|0,00|0,00|0,00|0,00|0,00|0,00||
|C100|0|1|1286|55|00|000|000029630|35190146325205000148550000000296301985436501|02012019|02012019|240,11|2|0,00|0,00|240,11|1|0,00|0,00|0,00|0,00|0,00|0,00|0,00|0,00|0,00|0,00|0,00|0,00|
|C170|001|23324||1,00000|MT|33,39|0,00|1|200|1556|0000000009|0,00|0,00|0,00|0,00|0,00|0,00|0|||0,00|0,00|0,00|70|33,39|0,0000|0,000|0,0000|0,00|70|33,39|0,0000|0,000|0,0000|0,00||0,00|
|C170|002|7063||10,00000|PC|13,60|0,00|1|200|1556|0000000009|0,00|0,00|0,00|0,00|0,00|0,00|0|||0,00|0,00|0,00|70|13,60|0,0000|0,000|0,0000|0,00|70|13,60|0,0000|0,000|0,0000|0,00||0,00|
|C170|003|9104||2,00000|PC|70,00|0,00|1|100|1556|0000000009|0,00|0,00|0,00|0,00|0,00|0,00|0|||0,00|0,00|0,00|70|70,00|0,0000|0,000|0,0000|0,00|70|70,00|0,0000|0,000|0,0000|0,00||0,00|
|C170|004|8923||2,00000|PC|81,72|0,00|1|200|1556|0000000009|0,00|0,00|0,00|0,00|0,00|0,00|0|||0,00|0,00|0,00|70|81,72|0,0000|0,000|0,0000|0,00|70|81,72|0,0000|0,000|0,0000|0,00||0,00|
|C170|005|20875||20,00000|PC|41,40|0,00|1|200|1556|0000000009|0,00|0,00|0,00|0,00|0,00|0,00|0|||0,00|0,00|0,00|70|41,40|0,0000|0,000|0,0000|0,00|70|41,40|0,0000|0,000|0,0000|0,00||0,00|
|C190|100|1556|0,00|70,00|0,00|0,00|0,00|0,00|0,00|0,00||
|C190|200|1556|0,00|170,11|0,00|0,00|0,00|0,00|0,00|0,00||
|C100|0|1|1286|55|00|000|000029665|35190146325205000148550000000296651504324005|08012019|08012019|154,14|2|0,00|0,00|154,14|1|0,00|0,00|0,00|0,00|0,00|0,00|0,00|0,00|0,00|0,00|0,00|0,00|
|C170|001|23582||2,00000|MT|65,10|0,00|1|200|1556|0000000009|0,00|0,00|0,00|0,00|0,00|0,00|0|49||0,00|0,00|0,00|70|65,10|0,0000|0,000|0,0000|0,00|70|65,10|0,0000|0,000|0,0000|0,00||0,00|
|C170|002|7278||4,00000|PC|9,04|0,00|1|200|1556|0000000009|0,00|0,00|0,00|0,00|0,00|0,00|0|49||0,00|0,00|0,00|70|9,04|0,0000|0,000|0,0000|0,00|70|9,04|0,0000|0,000|0,0000|0,00||0,00|
|C170|003|20953||4,00000|PC|16,80|0,00|1|200|1556|0000000009|0,00|0,00|0,00|0,00|0,00|0,00|0|49||0,00|0,00|0,00|70|16,80|0,0000|0,000|0,0000|0,00|70|16,80|0,0000|0,000|0,0000|0,00||0,00|
|C170|004|25311||1,00000|PC|63,20|0,00|1|200|1556|0000000009|0,00|0,00|0,00|0,00|0,00|0,00|0|49||0,00|0,00|0,00|70|63,20|0,0000|0,000|0,0000|0,00|70|63,20|0,0000|0,000|0,0000|0,00||0,00|
|C190|200|1556|0,00|154,14|0,00|0,00|0,00|0,00|0,00|0,00||
|C100|0|1|4FK0HLQGP|55|00|000|000031797|35190101746185000140550000000317971829588960|28012019|28012019|4777,92|2|0,00|0,00|4777,92|0|0,00|0,00|0,00|4777,92|860,03|0,00|0,00|0,00|0,00|0,00|0,00|0,00|
|C170|001|270||144,00000|KG|4777,92|0,00|1|200|1101|0000000001|4777,92|18,00|860,03|0,00|0,00|0,00|0|01||0,00|0,00|0,00|70|4777,92|0,0000|0,000|0,0000|0,00|70|4777,92|0,0000|0,000|0,0000|0,00||0,00|
|C190|200|1101|18,00|4777,92|4777,92|860,03|0,00|0,00|0,00|0,00||
|C100|0|1|4A20YSQLE|55|00|3|000032402|35190142150391004834550030000324021737543540|24012019|24012019|49307,67|2|0,00|0,00|46959,69|0|0,00|0,00|0,00|46959,69|8452,74|0,00|0,00|2347,98|0,00|0,00|0,00|0,00|
|C170|001|EB853/72 PL14||6,87500|TO|46959,69|0,00|1|000|1101|0000000001|46959,69|18,00|8452,74|0,00|0,00|0,00|0|00||46959,69|5,00|2347,98|70|46959,69|0,0000|0,000|0,0000|0,00|70|46959,69|0,0000|0,000|0,0000|0,00||0,00|
|C190|000|1101|18,00|49307,67|46959,69|8452,74|0,00|0,00|0,00|2347,98||
|C100|0|1|4A20YSQLE|55|00|3|000032403|35190142150391004834550030000324031417492895|24012019|24012019|46666,66|2|0,00|0,00|44444,44|0|0,00|0,00|0,00|44444,44|8000,00|0,00|0,00|2222,22|0,00|0,00|0,00|0,00|
|C170|001|TX8079 PL14||6,87500|TO|44444,44|0,00|1|000|1101|0000000001|44444,44|18,00|8000,00|0,00|0,00|0,00|0|00||44444,44|5,00|2222,22|70|44444,44|0,0000|0,000|0,0000|0,00|70|44444,44|0,0000|0,000|0,0000|0,00||0,00|
|C190|000|1101|18,00|46666,66|44444,44|8000,00|0,00|0,00|0,00|2222,22||
|C100|0|1|4A20YSQLE|55|00|3|000032639|35190142150391004834550030000326391863953183|31012019|31012019|69030,62|2|0,00|0,00|65743,45|0|0,00|0,00|0,00|65743,45|11833,82|0,00|0,00|3287,17|0,00|0,00|0,00|0,00|
|C170|001|EB853/72 PL14||9,62500|TO|65743,45|0,00|1|000|1101|0000000001|65743,45|18,00|11833,82|0,00|0,00|0,00|0|00||65743,45|5,00|3287,17|70|65743,45|0,0000|0,000|0,0000|0,00|70|65743,45|0,0000|0,000|0,0000|0,00||0,00|
|C190|000|1101|18,00|69030,62|65743,45|11833,82|0,00|0,00|0,00|3287,17||
|C100|0|1|4A20YSQLE|55|00|3|000032640|35190142150391004834550030000326401912835941|31012019|31012019|27999,90|2|0,00|0,00|26666,57|0|0,00|0,00|0,00|26666,57|4799,98|0,00|0,00|1333,33|0,00|0,00|0,00|0,00|
|C170|001|TX8079 PL14||4,12500|TO|26666,57|0,00|1|000|1101|0000000001|26666,57|18,00|4799,98|0,00|0,00|0,00|0|00||26666,57|5,00|1333,33|70|26666,57|0,0000|0,000|0,0000|0,00|70|26666,57|0,0000|0,000|0,0000|0,00||0,00|
|C190|000|1101|18,00|27999,90|26666,57|4799,98|0,00|0,00|0,00|1333,33||
|C100|0|1|3ZA0LSVDH|55|00|3|000036593|35190102376055000800550030000365931001151794|04012019|04012019|4167,53|2|0,00|0,00|3969,08|0|0,00|0,00|0,00|3969,08|714,44|0,00|0,00|198,45|0,00|0,00|0,00|0,00|
|C170|001|812901BLN00043||50,00000|KG|697,60|0,00|1|500|1101|0000000001|697,60|18,00|125,57|0,00|0,00|0,00|0|00||697,60|0,00|34,88|70|697,60|0,0000|0,000|0,0000|0,00|70|697,60|0,0000|0,000|0,0000|0,00||0,00|
|C170|002|812922ESN00154||200,00000|KG|3271,48|0,00|1|500|1101|0000000001|3271,48|18,00|588,87|0,00|0,00|0,00|0|00||3271,48|5,00|163,57|70|3271,48|0,0000|0,000|0,0000|0,00|70|3271,48|0,0000|0,000|0,0000|0,00||0,00|
|C190|500|1101|18,00|4167,53|3969,08|714,44|0,00|0,00|0,00|198,45||
|C100|0|1|3ZA0LSVDH|55|00|3|000036812|35190102376055000800550030000368121001153914|16012019|16012019|6126,30|2|0,00|0,00|5951,90|0|0,00|0,00|0,00|5951,90|1071,35|0,00|0,00|174,40|0,00|0,00|0,00|0,00|
|C170|001|812901BLN00043||250,00000|KG|3487,98|0,00|1|500|1101|0000000001|3487,98|18,00|627,84|0,00|0,00|0,00|0|00||3487,98|0,00|174,40|70|3487,98|0,0000|0,000|0,0000|0,00|70|3487,98|0,0000|0,000|0,0000|0,00||0,00|
|C170|002|812964BRB29718||150,00000|KG|2463,92|0,00|1|500|1101|0000000001|2463,92|18,00|443,51|0,00|0,00|0,00|0|01||0,00|0,00|0,00|70|2463,92|0,0000|0,000|0,0000|0,00|70|2463,92|0,0000|0,000|0,0000|0,00||0,00|
|C190|500|1101|18,00|6126,30|5951,90|1071,35|0,00|0,00|0,00|174,40||
|C100|0|1|3ZA0LSVDH|55|00|3|000037107|35190102376055000800550030000371071001156812|30012019|30012019|4521,15|2|0,00|0,00|4305,85|0|0,00|0,00|0,00|4305,85|775,05|0,00|0,00|215,30|0,00|0,00|0,00|0,00|
|C170|001|812901BLN00043||150,00000|KG|2092,79|0,00|1|500|1101|0000000001|2092,79|18,00|376,70|0,00|0,00|0,00|0|00||2092,79|0,00|104,64|70|2092,79|0,0000|0,000|0,0000|0,00|70|2092,79|0,0000|0,000|0,0000|0,00||0,00|
|C170|002|812922ESN00078||100,00000|KG|1635,74|0,00|1|500|1101|0000000001|1635,74|18,00|294,43|0,00|0,00|0,00|0|00||1635,74|5,00|81,79|70|1635,74|0,0000|0,000|0,0000|0,00|70|1635,74|0,0000|0,000|0,0000|0,00||0,00|
|C170|003|812972DEN00121||50,00000|KG|577,32|0,00|1|500|1101|0000000001|577,32|18,00|103,92|0,00|0,00|0,00|0|00||577,32|5,00|28,87|70|577,32|0,0000|0,000|0,0000|0,00|70|577,32|0,0000|0,000|0,0000|0,00||0,00|
|C190|500|1101|18,00|4521,15|4305,85|775,05|0,00|0,00|0,00|215,30||
|C100|0|0|2189|55|06|1|000041440|35190171780456000160550010000414401005121227|31012019|31012019|0,00|2|0,00|0,00|0,00|0|0,00|0,00|0,00|0,00|704,28|0,00|0,00|0,00|0,00|0,00|0,00|0,00|
|C190|000|1604|0,00|0,00|0,00|704,28|0,00|0,00|0,00|0,00||
|C100|0|1|2075|55|00|1|000044534|35190167308635000121550010000445341197628908|03012019|03012019|2271,15|2|0,00|0,00|2271,15|0|0,00|0,00|0,00|0,00|0,00|0,00|0,00|0,00|0,00|0,00|0,00|0,00|
|C170|001|300-0008||424,80000|KG|2271,15|0,00|1|040|1901|0000000009|0,00|0,00|0,00|0,00|0,00|0,00|0|03||0,00|0,00|0,00|70|2271,15|0,0000|0,000|0,0000|0,00|70|2271,15|0,0000|0,000|0,0000|0,00||0,00|
|C190|040|1901|0,00|2271,15|0,00|0,00|0,00|0,00|0,00|0,00||
|C100|0|1|2075|55|00|1|000044539|35190167308635000121550010000445391064905486|03012019|03012019|109,00|2|0,00|0,00|109,00|0|0,00|0,00|0,00|0,00|0,00|0,00|0,00|0,00|0,00|0,00|0,00|0,00|
|C170|001|128-0650||10,90000|MI|109,00|0,00|1|040|1124|0000000009|0,00|0,00|0,00|0,00|0,00|0,00|0|03||0,00|0,00|0,00|70|109,00|0,0000|0,000|0,0000|0,00|70|109,00|0,0000|0,000|0,0000|0,00||0,00|
|C190|040|1124|0,00|109,00|0,00|0,00|0,00|0,00|0,00|0,00||
|C100|0|1|2075|55|00|1|000044540|35190167308635000121550010000445401348950274|03012019|03012019|312,00|2|0,00|0,00|312,00|0|0,00|0,00|0,00|0,00|0,00|0,00|0,00|0,00|0,00|0,00|0,00|0,00|
|C170|001|200-0093||3,00000|BOB|312,00|0,00|1|040|1902|0000000009|0,00|0,00|0,00|0,00|0,00|0,00|0|03||0,00|0,00|0,00|70|312,00|0,0000|0,000|0,0000|0,00|70|312,00|0,0000|0,000|0,0000|0,00||0,00|
|C190|040|1902|0,00|312,00|0,00|0,00|0,00|0,00|0,00|0,00||
|C100|0|1|2075|55|00|1|000044541|35190167308635000121550010000445411245863988|03012019|03012019|828,00|2|0,00|0,00|720,00|0|0,00|0,00|0,00|720,00|129,60|0,00|0,00|108,00|0,00|0,00|0,00|0,00|
|C170|001|123-0090||60,00000|MI|720,00|0,00|1|000|1101|0000000001|720,00|18,00|129,60|0,00|0,00|0,00|0|00||720,00|15,00|108,00|70|720,00|0,0000|0,000|0,0000|0,00|70|720,00|0,0000|0,000|0,0000|0,00||0,00|
|C190|000|1101|18,00|828,00|720,00|129,60|0,00|0,00|0,00|108,00||
|C100|0|1|2075|55|00|1|000044557|35190167308635000121550010000445571978746380|07012019|07012019|73562,50|2|0,00|0,00|73562,50|0|0,00|0,00|0,00|0,00|0,00|0,00|0,00|0,00|0,00|0,00|0,00|0,00|
|C170|001|300-0009||6875,00000|KG|36781,25|0,00|1|040|1901|0000000009|0,00|0,00|0,00|0,00|0,00|0,00|0|03||0,00|0,00|0,00|70|36781,25|0,0000|0,000|0,0000|0,00|70|36781,25|0,0000|0,000|0,0000|0,00||0,00|
|C170|002|300-0126||6875,00000|KG|36781,25|0,00|1|040|1901|0000000009|0,00|0,00|0,00|0,00|0,00|0,00|0|03||0,00|0,00|0,00|70|36781,25|0,0000|0,000|0,0000|0,00|70|36781,25|0,0000|0,000|0,0000|0,00||0,00|
|C190|040|1901|0,00|73562,50|0,00|0,00|0,00|0,00|0,00|0,00||
|C100|0|1|2075|55|00|1|000044571|35190167308635000121550010000445711326018470|08012019|08012019|10942,38|2|0,00|0,00|10942,38|0|0,00|0,00|0,00|0,00|0,00|0,00|0,00|0,00|0,00|0,00|0,00|0,00|
|C170|001|100-0511||9118,65000|M2|10942,38|0,00|1|040|1901|0000000009|0,00|0,00|0,00|0,00|0,00|0,00|0|03||0,00|0,00|0,00|70|10942,38|0,0000|0,000|0,0000|0,00|70|10942,38|0,0000|0,000|0,0000|0,00||0,00|
|C190|040|1901|0,00|10942,38|0,00|0,00|0,00|0,00|0,00|0,00||
|C100|0|1|2075|55|00|1|000044628|35190167308635000121550010000446281637924770|11012019|11012019|4207,36|2|0,00|0,00|4207,36|0|0,00|0,00|0,00|0,00|0,00|0,00|0,00|0,00|0,00|0,00|0,00|0,00|
|C170|001|137-0011||263,95000|KG|4207,36|0,00|1|040|1124|0000000009|0,00|0,00|0,00|0,00|0,00|0,00|0|03||0,00|0,00|0,00|70|4207,36|0,0000|0,000|0,0000|0,00|70|4207,36|0,0000|0,000|0,0000|0,00||0,00|
|C190|040|1124|0,00|4207,36|0,00|0,00|0,00|0,00|0,00|0,00||
|C100|0|1|2075|55|00|1|000044629|35190167308635000121550010000446291435452203|11012019|11012019|2113,88|2|0,00|0,00|2113,88|0|0,00|0,00|0,00|0,00|0,00|0,00|0,00|0,00|0,00|0,00|0,00|0,00|
|C170|001|300-0016||281,85000|KG|2113,88|0,00|1|040|1902|0000000009|0,00|0,00|0,00|0,00|0,00|0,00|0|03||0,00|0,00|0,00|70|2113,88|0,0000|0,000|0,0000|0,00|70|2113,88|0,0000|0,000|0,0000|0,00||0,00|
|C190|040|1902|0,00|2113,88|0,00|0,00|0,00|0,00|0,00|0,00||
|C100|0|1|2075|55|00|1|000044640|35190167308635000121550010000446401385016160|11012019|11012019|823,62|2|0,00|0,00|823,62|0|0,00|0,00|0,00|0,00|0,00|0,00|0,00|0,00|0,00|0,00|0,00|0,00|
|C170|001|100-0511||686,35000|M2|823,62|0,00|1|040|1901|0000000009|0,00|0,00|0,00|0,00|0,00|0,00|0|03||0,00|0,00|0,00|70|823,62|0,0000|0,000|0,0000|0,00|70|823,62|0,0000|0,000|0,0000|0,00||0,00|
|C190|040|1901|0,00|823,62|0,00|0,00|0,00|0,00|0,00|0,00||
|C100|0|1|2075|55|00|1|000044665|35190167308635000121550010000446651174157803|15012019|15012019|4100,00|2|0,00|0,00|4100,00|0|0,00|0,00|0,00|0,00|0,00|0,00|0,00|0,00|0,00|0,00|0,00|0,00|
|C170|001|120-0292||25,00000|BOB|4100,00|0,00|1|040|1901|0000000009|0,00|0,00|0,00|0,00|0,00|0,00|0|03||0,00|0,00|0,00|70|4100,00|0,0000|0,000|0,0000|0,00|70|4100,00|0,0000|0,000|0,0000|0,00||0,00|
|C190|040|1901|0,00|4100,00|0,00|0,00|0,00|0,00|0,00|0,00||
|C100|0|1|2075|55|00|1|000044679|35190167308635000121550010000446791973164253|16012019|16012019|190,00|2|0,00|0,00|190,00|0|0,00|0,00|0,00|0,00|0,00|0,00|0,00|0,00|0,00|0,00|0,00|0,00|
|C170|001|128-0650||19,00000|MI|190,00|0,00|1|040|1124|0000000009|0,00|0,00|0,00|0,00|0,00|0,00|0|03||0,00|0,00|0,00|70|190,00|0,0000|0,000|0,0000|0,00|70|190,00|0,0000|0,000|0,0000|0,00||0,00|
|C190|040|1124|0,00|190,00|0,00|0,00|0,00|0,00|0,00|0,00||
|C100|0|1|2075|55|00|1|000044680|35190167308635000121550010000446801110299719|16012019|16012019|520,00|2|0,00|0,00|520,00|0|0,00|0,00|0,00|0,00|0,00|0,00|0,00|0,00|0,00|0,00|0,00|0,00|
|C170|001|200-0093||5,00000|BOB|520,00|0,00|1|040|1902|0000000009|0,00|0,00|0,00|0,00|0,00|0,00|0|03||0,00|0,00|0,00|70|520,00|0,0000|0,000|0,0000|0,00|70|520,00|0,0000|0,000|0,0000|0,00||0,00|
|C190|040|1902|0,00|520,00|0,00|0,00|0,00|0,00|0,00|0,00||
|C100|0|1|2075|55|00|1|000044681|35190167308635000121550010000446811155758523|16012019|16012019|131,00|2|0,00|0,00|131,00|0|0,00|0,00|0,00|0,00|0,00|0,00|0,00|0,00|0,00|0,00|0,00|0,00|
|C170|001|308-0029||8,00000|UN|80,00|0,00|1|040|1949|0000000009|0,00|0,00|0,00|0,00|0,00|0,00|0|03||0,00|0,00|0,00|70|80,00|0,0000|0,000|0,0000|0,00|70|80,00|0,0000|0,000|0,0000|0,00||0,00|
|C170|002|308-0034||51,00000|UN|51,00|0,00|1|140|1949|0000000009|0,00|0,00|0,00|0,00|0,00|0,00|0|03||0,00|0,00|0,00|70|51,00|0,0000|0,000|0,0000|0,00|70|51,00|0,0000|0,000|0,0000|0,00||0,00|
|C190|040|1949|0,00|80,00|0,00|0,00|0,00|0,00|0,00|0,00||
|C190|140|1949|0,00|51,00|0,00|0,00|0,00|0,00|0,00|0,00||
|C100|0|1|2075|55|00|1|000044712|35190167308635000121550010000447121633399374|18012019|18012019|150,00|2|0,00|0,00|150,00|0|0,00|0,00|0,00|0,00|0,00|0,00|0,00|0,00|0,00|0,00|0,00|0,00|
|C170|001|128-0650||15,00000|MI|150,00|0,00|1|040|1124|0000000009|0,00|0,00|0,00|0,00|0,00|0,00|0|03||0,00|0,00|0,00|70|150,00|0,0000|0,000|0,0000|0,00|70|150,00|0,0000|0,000|0,0000|0,00||0,00|
|C190|040|1124|0,00|150,00|0,00|0,00|0,00|0,00|0,00|0,00||
|C100|0|1|2075|55|00|1|000044733|35190167308635000121550010000447331464846042|21012019|21012019|198,00|2|0,00|0,00|198,00|0|0,00|0,00|0,00|0,00|0,00|0,00|0,00|0,00|0,00|0,00|0,00|0,00|
|C170|001|302-0042||12,00000|UN|198,00|0,00|1|040|1921|0000000009|0,00|0,00|0,00|0,00|0,00|0,00|0|03||0,00|0,00|0,00|70|198,00|0,0000|0,000|0,0000|0,00|70|198,00|0,0000|0,000|0,0000|0,00||0,00|
|C190|040|1921|0,00|198,00|0,00|0,00|0,00|0,00|0,00|0,00||
|C100|0|1|2075|55|00|1|000044734|35190167308635000121550010000447341198702274|21012019|21012019|312,00|2|0,00|0,00|312,00|0|0,00|0,00|0,00|0,00|0,00|0,00|0,00|0,00|0,00|0,00|0,00|0,00|
|C170|001|200-0093||3,00000|BOB|312,00|0,00|1|040|1902|0000000009|0,00|0,00|0,00|0,00|0,00|0,00|0|03||0,00|0,00|0,00|70|312,00|0,0000|0,000|0,0000|0,00|70|312,00|0,0000|0,000|0,0000|0,00||0,00|
|C190|040|1902|0,00|312,00|0,00|0,00|0,00|0,00|0,00|0,00||
|C100|0|1|2075|55|00|1|000044748|35190167308635000121550010000447481006249989|22012019|22012019|47,00|2|0,00|0,00|47,00|0|0,00|0,00|0,00|0,00|0,00|0,00|0,00|0,00|0,00|0,00|0,00|0,00|
|C170|001|128-0650||4,70000|MI|47,00|0,00|1|040|1124|0000000009|0,00|0,00|0,00|0,00|0,00|0,00|0|03||0,00|0,00|0,00|70|47,00|0,0000|0,000|0,0000|0,00|70|47,00|0,0000|0,000|0,0000|0,00||0,00|
|C190|040|1124|0,00|47,00|0,00|0,00|0,00|0,00|0,00|0,00||
|C100|0|1|2075|55|00|1|000044749|35190167308635000121550010000447491126946242|22012019|22012019|104,00|2|0,00|0,00|104,00|0|0,00|0,00|0,00|0,00|0,00|0,00|0,00|0,00|0,00|0,00|0,00|0,00|
|C170|001|200-0093||1,00000|BOB|104,00|0,00|1|040|1902|0000000009|0,00|0,00|0,00|0,00|0,00|0,00|0|03||0,00|0,00|0,00|70|104,00|0,0000|0,000|0,0000|0,00|70|104,00|0,0000|0,000|0,0000|0,00||0,00|
|C190|040|1902|0,00|104,00|0,00|0,00|0,00|0,00|0,00|0,00||
|C100|0|1|2075|55|00|1|000044750|35190167308635000121550010000447501167078211|22012019|22012019|208,00|2|0,00|0,00|208,00|0|0,00|0,00|0,00|0,00|0,00|0,00|0,00|0,00|0,00|0,00|0,00|0,00|
|C170|001|200-0093||2,00000|BOB|208,00|0,00|1|040|1902|0000000009|0,00|0,00|0,00|0,00|0,00|0,00|0|03||0,00|0,00|0,00|70|208,00|0,0000|0,000|0,0000|0,00|70|208,00|0,0000|0,000|0,0000|0,00||0,00|
|C190|040|1902|0,00|208,00|0,00|0,00|0,00|0,00|0,00|0,00||
|C100|0|1|2075|55|00|1|000044860|35190167308635000121550010000448601710704388|30012019|30012019|5574,59|2|0,00|0,00|5574,59|1|0,00|0,00|0,00|0,00|0,00|0,00|0,00|0,00|0,00|0,00|0,00|0,00|
|C170|001|137-0042||230,26000|KG|5574,59|0,00|1|040|1124|0000000009|0,00|0,00|0,00|0,00|0,00|0,00|0|03||0,00|0,00|0,00|70|5574,59|0,0000|0,000|0,0000|0,00|70|5574,59|0,0000|0,000|0,0000|0,00||0,00|
|C190|040|1124|0,00|5574,59|0,00|0,00|0,00|0,00|0,00|0,00||
|C100|0|1|2075|55|00|1|000044861|35190167308635000121550010000448611101962171|30012019|30012019|1925,55|2|0,00|0,00|1925,55|1|0,00|0,00|0,00|0,00|0,00|0,00|0,00|0,00|0,00|0,00|0,00|0,00|
|C170|001|300-0016||230,26000|KG|1726,95|0,00|1|040|1902|0000000009|0,00|0,00|0,00|0,00|0,00|0,00|0|03||0,00|0,00|0,00|70|1726,95|0,0000|0,000|0,0000|0,00|70|1726,95|0,0000|0,000|0,0000|0,00||0,00|
|C170|002|301-0067||9,93000|KG|198,60|0,00|1|040|1902|0000000009|0,00|0,00|0,00|0,00|0,00|0,00|0|03||0,00|0,00|0,00|70|198,60|0,0000|0,000|0,0000|0,00|70|198,60|0,0000|0,000|0,0000|0,00||0,00|
|C190|040|1902|0,00|1925,55|0,00|0,00|0,00|0,00|0,00|0,00||
|C100|0|1|2075|55|00|1|000044862|35190167308635000121550010000448621032498480|30012019|30012019|165,00|2|0,00|0,00|165,00|1|0,00|0,00|0,00|0,00|0,00|0,00|0,00|0,00|0,00|0,00|0,00|0,00|
|C170|001|302-0042||10,00000|UN|165,00|0,00|1|040|1921|0000000009|0,00|0,00|0,00|0,00|0,00|0,00|0|03||0,00|0,00|0,00|70|165,00|0,0000|0,000|0,0000|0,00|70|165,00|0,0000|0,000|0,0000|0,00||0,00|
|C190|040|1921|0,00|165,00|0,00|0,00|0,00|0,00|0,00|0,00||
|C100|0|1|4VP0I0N8K|55|00|1|000047400|35190101259568000194550010000474001374019877|29012019|29012019|5564,16|2|0,00|0,00|4838,40|1|0,00|0,00|0,00|4838,40|870,91|0,00|0,00|725,76|0,00|0,00|0,00|0,00|
|C170|001|851||240,00000|RL|806,40|0,00|1|000|1101|0000000001|806,40|18,00|145,15|0,00|0,00|0,00|0|00||806,40|15,00|120,96|70|806,40|0,0000|0,000|0,0000|0,00|70|806,40|0,0000|0,000|0,0000|0,00||0,00|
|C170|002|851|Pedido de Venda Item 002 NUmero 0000000104|1200,00000|RL|4032,00|0,00|1|000|1101|0000000001|4032,00|18,00|725,76|0,00|0,00|0,00|0|00||4032,00|15,00|604,80|70|4032,00|0,0000|0,000|0,0000|0,00|70|4032,00|0,0000|0,000|0,0000|0,00||0,00|
|C190|000|1101|18,00|5564,16|4838,40|870,91|0,00|0,00|0,00|725,76||
|C100|0|1|5550MRXIS|55|00|1|000049539|43190193153179000106550010000495391201735364|16012019|16012019|1455,23|2|0,00|0,00|1455,23|0|0,00|0,00|0,00|0,00|0,00|0,00|0,00|0,00|0,00|0,00|0,00|0,00|
|C110|1|PRODUTOS DESTINADOS AO CONSUMO PROPRIO OU INDUSTRIALIZACAO PELO DESTINATARIO SENDO VEDADA A SUA COMERCIALIZACAO|
|C170|001|6806||1,00000|BB|1455,23|0,00|1|000|2556|0000000009|0,00|0,00|0,00|0,00|0,00|0,00|0|49||0,00|5,00|0,00|70|1455,23|0,0000|0,000|0,0000|0,00|70|1455,23|0,0000|0,000|0,0000|0,00||0,00|
|C190|000|2556|0,00|1455,23|0,00|0,00|0,00|0,00|0,00|0,00|1|
|C195|1|EMITIDO PELO ERP SIGER RECH INFORMATICA 51 35824001  WWWRECHCOMBR CODNOT 0020407 FATPEN 00004953920012 FONES FONE 5321263000 GYEEM VENDASALLCHEMCOMBR|
|C100|0|1|673|55|00|1|000054794|35190104255255000156550010000547941000594277|28012019|28012019|731,50|2|0,00|0,00|731,50|0|0,00|0,00|0,00|731,50|131,67|0,00|0,00|0,00|0,00|0,00|0,00|0,00|
|C110|1|ALIQUOTA ZERO DE IPI CONFORME CAPITULO 32 DO RIPI E ARTIGO 69  PARAGRAFO UNICO DO CAPITULO IV DO DECRETO 721210|
|C170|001|AZ 15616||55,00000|KG|731,50|0,00|1|000|1101|0000000001|731,50|18,00|131,67|0,00|0,00|0,00|0|49||0,00|0,00|0,00|70|731,50|0,0000|0,000|0,0000|0,00|70|731,50|0,0000|0,000|0,0000|0,00||0,00|
|C190|000|1101|18,00|731,50|731,50|131,67|0,00|0,00|0,00|0,00||
|C100|0|1|673|55|00|1|000054850|35190104255255000156550010000548501000594855|30012019|30012019|665,00|2|0,00|0,00|665,00|0|0,00|0,00|0,00|665,00|119,70|0,00|0,00|0,00|0,00|0,00|0,00|0,00|
|C110|1|ALIQUOTA ZERO DE IPI CONFORME CAPITULO 32 DO RIPI E ARTIGO 69  PARAGRAFO UNICO DO CAPITULO IV DO DECRETO 721210|
|C170|001|AZ 15616||50,00000|KG|665,00|0,00|1|000|1101|0000000001|665,00|18,00|119,70|0,00|0,00|0,00|0|49||0,00|0,00|0,00|70|665,00|0,0000|0,000|0,0000|0,00|70|665,00|0,0000|0,000|0,0000|0,00||0,00|
|C190|000|1101|18,00|665,00|665,00|119,70|0,00|0,00|0,00|0,00||
|C100|0|1|2311|55|00|1|000055001|35190152297850000105550010000550011186714175|04012019|07012019|34,00|2|0,00|0,00|34,00|3|0,00|0,00|0,00|0,00|0,00|0,00|0,00|0,00|0,00|0,00|0,00|0,00|
|C170|001|6001||40,00000|PC|34,00|0,00|1|040|1949|0000000009|0,00|0,00|0,00|0,00|0,00|0,00|0|49||0,00|0,00|0,00|70|34,00|0,0000|0,000|0,0000|0,00|70|34,00|0,0000|0,000|0,0000|0,00||0,00|
|C190|040|1949|0,00|34,00|0,00|0,00|0,00|0,00|0,00|0,00||
|C100|0|1|2311|55|00|1|000055256|35190152297850000105550010000552561346719730|18012019|21012019|134,30|2|0,00|0,00|134,30|3|0,00|0,00|0,00|0,00|0,00|0,00|0,00|0,00|0,00|0,00|0,00|0,00|
|C170|001|1110||30,00000|PC|25,50|0,00|1|040|1949|0000000009|0,00|0,00|0,00|0,00|0,00|0,00|0|49||0,00|0,00|0,00|70|25,50|0,0000|0,000|0,0000|0,00|70|25,50|0,0000|0,000|0,0000|0,00||0,00|
|C170|002|6001||128,00000|PC|108,80|0,00|1|040|1949|0000000009|0,00|0,00|0,00|0,00|0,00|0,00|0|49||0,00|0,00|0,00|70|108,80|0,0000|0,000|0,0000|0,00|70|108,80|0,0000|0,000|0,0000|0,00||0,00|
|C190|040|1949|0,00|134,30|0,00|0,00|0,00|0,00|0,00|0,00||
|C100|0|1|3WZ0YDWBZ|55|00|000|000064373|35190149942204000130550000000643731000105690|07012019|07012019|438,00|2|0,00|0,00|438,00|0|0,00|0,00|0,00|0,00|0,00|0,00|0,00|0,00|0,00|0,00|0,00|0,00|
|C170|001|JS088231||60,00000|MM|78,00|0,00|1|200|1556|0000000009|0,00|0,00|0,00|0,00|0,00|0,00|0|49||0,00|0,00|0,00|70|78,00|0,0000|0,000|0,0000|0,00|70|78,00|0,0000|0,000|0,0000|0,00||0,00|
|C170|002|JS074965||90,00000|MM|360,00|0,00|1|200|1556|0000000009|0,00|0,00|0,00|0,00|0,00|0,00|0|49||0,00|0,00|0,00|70|360,00|0,0000|0,000|0,0000|0,00|70|360,00|0,0000|0,000|0,0000|0,00||0,00|
|C190|200|1556|0,00|438,00|0,00|0,00|0,00|0,00|0,00|0,00||
|C100|0|1|1875|55|00|1|000068158|35190161199303000250550010000681581422124358|24012019|24012019|1835,76|2|0,00|0,00|1835,76|1|0,00|0,00|0,00|0,00|0,00|0,00|0,00|0,00|0,00|0,00|0,00|0,00|
|C170|001|FF020680||2,00000|PC|537,70|0,00|1|060|1556|0000000009|0,00|0,00|0,00|0,00|0,00|0,00|0|49||0,00|0,00|0,00|70|537,70|0,0000|0,000|0,0000|0,00|70|537,70|0,0000|0,000|0,0000|0,00||0,00|
|C170|002|FF020983||1,00000|PC|553,02|0,00|1|060|1556|0000000009|0,00|0,00|0,00|0,00|0,00|0,00|0|49||0,00|0,00|0,00|70|553,02|0,0000|0,000|0,0000|0,00|70|553,02|0,0000|0,000|0,0000|0,00||0,00|
|C170|003|FF020983||1,00000|PC|553,02|0,00|1|060|1556|0000000009|0,00|0,00|0,00|0,00|0,00|0,00|0|49||0,00|0,00|0,00|70|553,02|0,0000|0,000|0,0000|0,00|70|553,02|0,0000|0,000|0,0000|0,00||0,00|
|C170|004|FF004380||1,00000|PC|149,94|0,00|1|060|1556|0000000009|0,00|0,00|0,00|0,00|0,00|0,00|0|49||0,00|0,00|0,00|70|149,94|0,0000|0,000|0,0000|0,00|70|149,94|0,0000|0,000|0,0000|0,00||0,00|
|C170|005|FF004383||64,00000|PC|5,76|0,00|1|000|1556|0000000009|0,00|0,00|0,00|0,00|0,00|0,00|0|49||0,00|0,00|0,00|70|5,76|0,0000|0,000|0,0000|0,00|70|5,76|0,0000|0,000|0,0000|0,00||0,00|
|C170|006|FF002594||1,00000|PC|33,37|0,00|1|060|1556|0000000009|0,00|0,00|0,00|0,00|0,00|0,00|0|49||0,00|0,00|0,00|70|33,37|0,0000|0,000|0,0000|0,00|70|33,37|0,0000|0,000|0,0000|0,00||0,00|
|C170|007|FF014470||1,00000|PC|2,95|0,00|1|000|1556|0000000009|0,00|0,00|0,00|0,00|0,00|0,00|0|49||0,00|0,00|0,00|70|2,95|0,0000|0,000|0,0000|0,00|70|2,95|0,0000|0,000|0,0000|0,00||0,00|
|C190|000|1556|0,00|8,71|0,00|0,00|0,00|0,00|0,00|0,00||
|C190|060|1556|0,00|1827,05|0,00|0,00|0,00|0,00|0,00|0,00||
|C100|0|1|2374|55|00|1|000070816|35190147720503000103550010000708161010708160|04012019|04012019|1779,87|2|0,00|0,00|1779,87|1|0,00|0,00|0,00|0,00|0,00|0,00|0,00|0,00|0,00|0,00|0,00|0,00|
|C170|001|000004||505,02300|LT|1666,07|0,00|1|060|1653|0000000007|0,00|0,00|0,00|0,00|0,00|0,00|0|49||0,00|0,00|0,00|70|1666,07|0,0000|0,000|0,0000|0,00|70|1666,07|0,0000|0,000|0,0000|0,00||0,00|
|C170|002|001284||1,00000|UN|43,90|0,00|1|060|1556|0000000009|0,00|0,00|0,00|0,00|0,00|0,00|0|49||0,00|0,00|0,00|70|43,90|0,0000|0,000|0,0000|0,00|70|43,90|0,0000|0,000|0,0000|0,00||0,00|
|C170|003|000486||1,00000|BD|69,90|0,00|1|000|1556|0000000009|0,00|0,00|0,00|0,00|0,00|0,00|0|49||0,00|0,00|0,00|70|69,90|0,0000|0,000|0,0000|0,00|70|69,90|0,0000|0,000|0,0000|0,00||0,00|
|C190|000|1556|0,00|69,90|0,00|0,00|0,00|0,00|0,00|0,00||
|C190|060|1556|0,00|43,90|0,00|0,00|0,00|0,00|0,00|0,00||
|C190|060|1653|0,00|1666,07|0,00|0,00|0,00|0,00|0,00|0,00||
|C100|0|1|2374|55|00|1|000071001|35190147720503000103550010000710011010710014|11012019|11012019|1213,70|2|0,00|0,00|1213,70|1|0,00|0,00|0,00|0,00|0,00|0,00|0,00|0,00|0,00|0,00|0,00|0,00|
|C170|001|000004||354,01600|LT|1167,90|0,00|1|060|1653|0000000007|0,00|0,00|0,00|0,00|0,00|0,00|0|49||0,00|0,00|0,00|70|1167,90|0,0000|0,000|0,0000|0,00|70|1167,90|0,0000|0,000|0,0000|0,00||0,00|
|C170|002|001320||2,00000|UN|45,80|0,00|1|060|1556|0000000009|0,00|0,00|0,00|0,00|0,00|0,00|0|49||0,00|0,00|0,00|70|45,80|0,0000|0,000|0,0000|0,00|70|45,80|0,0000|0,000|0,0000|0,00||0,00|
|C190|060|1556|0,00|45,80|0,00|0,00|0,00|0,00|0,00|0,00||
|C190|060|1653|0,00|1167,90|0,00|0,00|0,00|0,00|0,00|0,00||
|C100|0|1|2374|55|00|1|000071139|35190147720503000103550010000711391010711390|18012019|18012019|1370,37|2|0,00|0,00|1370,37|1|0,00|0,00|0,00|0,00|0,00|0,00|0,00|0,00|0,00|0,00|0,00|0,00|
|C170|001|000004||194,47100|LT|649,34|0,00|1|060|1653|0000000007|0,00|0,00|0,00|0,00|0,00|0,00|0|||0,00|0,00|0,00|70|649,34|0,0000|0,000|0,0000|0,00|70|649,34|0,0000|0,000|0,0000|0,00||0,00|
|C170|002|000004||218,56000|LT|721,03|0,00|1|060|1653|0000000007|0,00|0,00|0,00|0,00|0,00|0,00|0|||0,00|0,00|0,00|70|721,03|0,0000|0,000|0,0000|0,00|70|721,03|0,0000|0,000|0,0000|0,00||0,00|
|C190|060|1653|0,00|1370,37|0,00|0,00|0,00|0,00|0,00|0,00||
|C100|0|1|2374|55|00|1|000071338|35190147720503000103550010000713381010713389|25012019|25012019|1086,77|2|0,00|0,00|1086,77|1|0,00|0,00|0,00|0,00|0,00|0,00|0,00|0,00|0,00|0,00|0,00|0,00|
|C170|001|000001||40,50500|LT|166,03|0,00|1|060|1653|0000000007|0,00|0,00|0,00|0,00|0,00|0,00|0|||0,00|0,00|0,00|70|166,03|0,0000|0,000|0,0000|0,00|70|166,03|0,0000|0,000|0,0000|0,00||0,00|
|C170|002|000004||272,48900|LT|920,74|0,00|1|060|1653|0000000007|0,00|0,00|0,00|0,00|0,00|0,00|0|||0,00|0,00|0,00|70|920,74|0,0000|0,000|0,0000|0,00|70|920,74|0,0000|0,000|0,0000|0,00||0,00|
|C190|060|1653|0,00|1086,77|0,00|0,00|0,00|0,00|0,00|0,00||
|C100|0|1|2190|55|00|1|000077922|42190173767394000181550010000779221662608284|07012019|07012019|11448,31|2|0,00|0,00|11392,96|1|0,00|0,00|55,35|0,00|0,00|0,00|0,00|0,00|0,00|0,00|0,00|0,00|
|C170|001|110-AM001/DL||14,50000|KG|332,34|0,00|1|090|2111|0000000009|0,00|0,00|0,00|0,00|0,00|0,00|0|03||0,00|0,00|0,00|70|332,34|0,0000|0,000|0,0000|0,00|70|332,34|0,0000|0,000|0,0000|0,00||0,00|
|C170|002|110-AM314/DL||36,00000|KG|825,12|0,00|1|090|2111|0000000009|0,00|0,00|0,00|0,00|0,00|0,00|0|03||0,00|0,00|0,00|70|825,12|0,0000|0,000|0,0000|0,00|70|825,12|0,0000|0,000|0,0000|0,00||0,00|
|C170|003|110-AZ012/DX||3,00000|KG|96,63|0,00|1|090|2111|0000000009|0,00|0,00|0,00|0,00|0,00|0,00|0|03||0,00|0,00|0,00|70|96,63|0,0000|0,000|0,0000|0,00|70|96,63|0,0000|0,000|0,0000|0,00||0,00|
|C170|004|110-AZ1148/DX||21,60000|KG|590,98|0,00|1|090|2111|0000000009|0,00|0,00|0,00|0,00|0,00|0,00|0|03||0,00|0,00|0,00|70|590,98|0,0000|0,000|0,0000|0,00|70|590,98|0,0000|0,000|0,0000|0,00||0,00|
|C170|005|110-AZ1148/DX||15,10000|KG|413,14|0,00|1|090|2111|0000000009|0,00|0,00|0,00|0,00|0,00|0,00|0|03||0,00|0,00|0,00|70|413,14|0,0000|0,000|0,0000|0,00|70|413,14|0,0000|0,000|0,0000|0,00||0,00|
|C170|006|110-BA016/DX||32,00000|KG|608,64|0,00|1|090|2111|0000000009|0,00|0,00|0,00|0,00|0,00|0,00|0|03||0,00|0,00|0,00|70|608,64|0,0000|0,000|0,0000|0,00|70|608,64|0,0000|0,000|0,0000|0,00||0,00|
|C170|007|110-BR048/DX||180,00000|KG|4174,20|0,00|1|090|2111|0000000009|0,00|0,00|0,00|0,00|0,00|0,00|0|03||0,00|0,00|0,00|70|4174,20|0,0000|0,000|0,0000|0,00|70|4174,20|0,0000|0,000|0,0000|0,00||0,00|
|C170|008|110-BR048/DX||60,00000|KG|1391,40|0,00|1|090|2111|0000000009|0,00|0,00|0,00|0,00|0,00|0,00|0|03||0,00|0,00|0,00|70|1391,40|0,0000|0,000|0,0000|0,00|70|1391,40|0,0000|0,000|0,0000|0,00||0,00|
|C170|009|110-BR048/DX||43,00000|KG|997,17|0,00|1|090|2111|0000000009|0,00|0,00|0,00|0,00|0,00|0,00|0|03||0,00|0,00|0,00|70|997,17|0,0000|0,000|0,0000|0,00|70|997,17|0,0000|0,000|0,0000|0,00||0,00|
|C170|010|110-MG003/DL||12,00000|KG|292,80|0,00|1|090|2111|0000000009|0,00|0,00|0,00|0,00|0,00|0,00|0|03||0,00|0,00|0,00|70|292,80|0,0000|0,000|0,0000|0,00|70|292,80|0,0000|0,000|0,0000|0,00||0,00|
|C170|011|110-VD812/DX||1,40000|KG|38,35|0,00|1|090|2111|0000000009|0,00|0,00|0,00|0,00|0,00|0,00|0|03||0,00|0,00|0,00|70|38,35|0,0000|0,000|0,0000|0,00|70|38,35|0,0000|0,000|0,0000|0,00||0,00|
|C170|012|731-BR011||20,90000|KG|411,94|0,00|1|390|2111|0000000009|0,00|0,00|0,00|0,00|0,00|0,00|0|03||0,00|0,00|0,00|70|411,94|0,0000|0,000|0,0000|0,00|70|411,94|0,0000|0,000|0,0000|0,00||0,00|
|C170|013|731-BR011||20,10000|KG|419,89|0,00|1|390|2111|0000000009|0,00|0,00|0,00|0,00|0,00|0,00|0|03||0,00|0,00|0,00|70|419,89|0,0000|0,000|0,0000|0,00|70|419,89|0,0000|0,000|0,0000|0,00||0,00|
|C170|014|800-SC061||9,00000|KG|195,12|0,00|1|090|2111|0000000009|0,00|0,00|0,00|0,00|0,00|0,00|0|03||0,00|5,00|0,00|70|195,12|0,0000|0,000|0,0000|0,00|70|195,12|0,0000|0,000|0,0000|0,00||0,00|
|C170|015|800-SC061||13,00000|KG|298,74|0,00|1|090|2111|0000000009|0,00|0,00|0,00|0,00|0,00|0,00|0|03||0,00|5,00|0,00|70|298,74|0,0000|0,000|0,0000|0,00|70|298,74|0,0000|0,000|0,0000|0,00||0,00|
|C170|016|960-RT078||24,50000|KG|306,50|0,00|1|390|2111|0000000009|0,00|0,00|0,00|0,00|0,00|0,00|0|03||0,00|10,00|0,00|70|306,50|0,0000|0,000|0,0000|0,00|70|306,50|0,0000|0,000|0,0000|0,00||0,00|
|C190|090|2111|0,00|10304,45|0,00|0,00|0,00|0,00|0,00|0,00|1|
|C190|390|2111|0,00|1143,86|0,00|0,00|0,00|0,00|0,00|0,00|1|
|C195|1|EMAILTRANSPORTADOR NFEPLASTFOAMCOMBR|
|C100|0|1|2190|55|00|1|000078362|42190173767394000181550010000783621824573879|25012019|25012019|1769,94|2|0,00|0,00|1759,61|0|0,00|0,00|0,00|1759,61|86,91|0,00|0,00|10,33|0,00|0,00|0,00|0,00|
|C170|001|800-SC079||0,04000|KG|38,42|0,00|1|000|2101|0000000001|38,42|12,00|4,61|0,00|0,00|0,00|0|00||38,42|5,00|1,92|70|38,42|0,0000|0,000|0,0000|0,00|70|38,42|0,0000|0,000|0,0000|0,00||0,00|
|C170|002|800-SC077||0,05000|KG|60,23|0,00|1|000|2101|0000000001|60,23|12,00|7,23|0,00|0,00|0,00|0|00||60,23|5,00|3,01|70|60,23|0,0000|0,000|0,0000|0,00|70|60,23|0,0000|0,000|0,0000|0,00||0,00|
|C170|003|800-SC078||0,05000|KG|52,50|0,00|1|000|2101|0000000001|52,50|12,00|6,30|0,00|0,00|0,00|0|00||52,50|5,00|2,63|70|52,50|0,0000|0,000|0,0000|0,00|70|52,50|0,0000|0,000|0,0000|0,00||0,00|
|C170|004|800-SC127||0,05000|KG|55,42|0,00|1|000|2101|0000000001|55,42|12,00|6,65|0,00|0,00|0,00|0|00||55,42|5,00|2,77|70|55,42|0,0000|0,000|0,0000|0,00|70|55,42|0,0000|0,000|0,0000|0,00||0,00|
|C170|005|731-VL001||18,00000|KG|1553,04|0,00|1|300|2101|0000000001|1553,04|4,00|62,12|0,00|0,00|0,00|0|01||0,00|0,00|0,00|70|1553,04|0,0000|0,000|0,0000|0,00|70|1553,04|0,0000|0,000|0,0000|0,00||0,00|
|C190|000|2101|12,00|216,90|206,57|24,79|0,00|0,00|0,00|10,33||
|C190|300|2101|4,00|1553,04|1553,04|62,12|0,00|0,00|0,00|0,00||
|C100|0|1|2190|55|00|1|000078365|42190173767394000181550010000783651844051330|25012019|25012019|15195,11|2|0,00|0,00|15195,11|0|0,00|0,00|0,00|0,00|0,00|0,00|0,00|0,00|0,00|0,00|0,00|0,00|
|C170|001|110-VD812/DX||33,40000|KG|914,83|0,00|1|000|2917|0000000009|0,00|0,00|0,00|0,00|0,00|0,00|0|01||0,00|0,00|0,00|70|914,83|0,0000|0,000|0,0000|0,00|70|914,83|0,0000|0,000|0,0000|0,00||0,00|
|C170|002|110-VM1163/DX||33,50000|KG|919,58|0,00|1|000|2917|0000000009|0,00|0,00|0,00|0,00|0,00|0,00|0|01||0,00|0,00|0,00|70|919,58|0,0000|0,000|0,0000|0,00|70|919,58|0,0000|0,000|0,0000|0,00||0,00|
|C170|003|731-BR011||38,30000|KG|800,09|0,00|1|300|2917|0000000009|0,00|0,00|0,00|0,00|0,00|0,00|0|01||0,00|0,00|0,00|70|800,09|0,0000|0,000|0,0000|0,00|70|800,09|0,0000|0,000|0,0000|0,00||0,00|
|C170|004|731-LJ001||36,00000|KG|910,80|0,00|1|300|2917|0000000009|0,00|0,00|0,00|0,00|0,00|0,00|0|01||0,00|0,00|0,00|70|910,80|0,0000|0,000|0,0000|0,00|70|910,80|0,0000|0,000|0,0000|0,00||0,00|
|C170|005|800-SC061||19,00000|KG|436,62|0,00|1|000|2917|0000000009|0,00|0,00|0,00|0,00|0,00|0,00|0|01||0,00|5,00|0,00|70|436,62|0,0000|0,000|0,0000|0,00|70|436,62|0,0000|0,000|0,0000|0,00||0,00|
|C170|006|731-AM003||36,00000|KG|828,00|0,00|1|000|2917|0000000009|0,00|0,00|0,00|0,00|0,00|0,00|0|01||0,00|0,00|0,00|70|828,00|0,0000|0,000|0,0000|0,00|70|828,00|0,0000|0,000|0,0000|0,00||0,00|
|C170|007|110-AM001/DL||71,50000|KG|1638,78|0,00|1|000|2917|0000000009|0,00|0,00|0,00|0,00|0,00|0,00|0|01||0,00|0,00|0,00|70|1638,78|0,0000|0,000|0,0000|0,00|70|1638,78|0,0000|0,000|0,0000|0,00||0,00|
|C170|008|110-AZ1148/DX||68,00000|KG|1860,48|0,00|1|000|2917|0000000009|0,00|0,00|0,00|0,00|0,00|0,00|0|01||0,00|0,00|0,00|70|1860,48|0,0000|0,000|0,0000|0,00|70|1860,48|0,0000|0,000|0,0000|0,00||0,00|
|C170|009|110-BR048/DX||220,00000|KG|5101,80|0,00|1|000|2917|0000000009|0,00|0,00|0,00|0,00|0,00|0,00|0|01||0,00|0,00|0,00|70|5101,80|0,0000|0,000|0,0000|0,00|70|5101,80|0,0000|0,000|0,0000|0,00||0,00|
|C170|010|110-MG003/DL||33,30000|KG|861,14|0,00|1|000|2917|0000000009|0,00|0,00|0,00|0,00|0,00|0,00|0|01||0,00|0,00|0,00|70|861,14|0,0000|0,000|0,0000|0,00|70|861,14|0,0000|0,000|0,0000|0,00||0,00|
|C170|011|110-PT087/DL||17,30000|KG|442,71|0,00|1|000|2917|0000000009|0,00|0,00|0,00|0,00|0,00|0,00|0|01||0,00|0,00|0,00|70|442,71|0,0000|0,000|0,0000|0,00|70|442,71|0,0000|0,000|0,0000|0,00||0,00|
|C170|012|800-SC061||19,00000|KG|480,28|0,00|1|000|2917|0000000009|0,00|0,00|0,00|0,00|0,00|0,00|0|01||0,00|5,00|0,00|70|436,62|0,0000|0,000|0,0000|0,00|70|436,62|0,0000|0,000|0,0000|0,00||0,00|
|C190|000|2917|0,00|13484,22|0,00|0,00|0,00|0,00|0,00|0,00||
|C190|300|2917|0,00|1710,89|0,00|0,00|0,00|0,00|0,00|0,00||
|C100|0|1|5EK0NCDO6|55|00|1|000094386|35190105075302000142550010000943861518145856|30012019|30012019|2400,09|2|0,00|0,00|2400,09|0|0,00|0,00|0,00|0,00|0,00|0,00|0,00|0,00|0,00|0,00|0,00|0,00|
|C170|001|000805||3,00000|UN|2358,72|0,00|1|560|1551|0000000009|0,00|0,00|0,00|0,00|0,00|0,00|0|03||0,00|0,00|0,00|70|2358,72|0,0000|0,000|0,0000|0,00|70|2358,72|0,0000|0,000|0,0000|0,00||0,00|
|C170|002|000349||3,00000|UN|21,09|0,00|1|000|1551|0000000009|0,00|0,00|0,00|0,00|0,00|0,00|0|03||0,00|0,00|0,00|70|21,09|0,0000|0,000|0,0000|0,00|70|21,09|0,0000|0,000|0,0000|0,00||0,00|
|C170|003|000500||3,00000|UN|20,28|0,00|1|060|1551|0000000009|0,00|0,00|0,00|0,00|0,00|0,00|0|03||0,00|0,00|0,00|70|20,28|0,0000|0,000|0,0000|0,00|70|20,28|0,0000|0,000|0,0000|0,00||0,00|
|C190|000|1551|0,00|21,09|0,00|0,00|0,00|0,00|0,00|0,00||
|C190|060|1551|0,00|20,28|0,00|0,00|0,00|0,00|0,00|0,00||
|C190|560|1551|0,00|2358,72|0,00|0,00|0,00|0,00|0,00|0,00||
|C100|0|1|70056|01|00|1|000100283||26012019|26012019|946,80|0|0,00|0,00|946,80|1|0,00|0,00|0,00|0,00|0,00|0,00|0,00|0,00|0,00|0,00|0,00|0,00|
|C170|001|10231||6,00000|UND|2,34|0,00|0|000|1556|0000000009|0,00|0,00|0,00|0,00|0,00|0,00|0|03||0,00|0,00|0,00|70|2,34|0,0000|0,000|0,0000|0,00|70|2,34|0,0000|0,000|0,0000|0,00||0,00|
|C170|002|10256||3,00000|UN|5,64|0,00|0|040|1556|0000000009|0,00|0,00|0,00|0,00|0,00|0,00|0|03||0,00|0,00|0,00|70|5,64|0,0000|0,000|0,0000|0,00|70|5,64|0,0000|0,000|0,0000|0,00||0,00|
|C170|003|10281||1,00000|UN|0,30|0,00|0|040|1556|0000000009|0,00|0,00|0,00|0,00|0,00|0,00|0|49||0,00|0,00|0,00|70|0,30|0,0000|0,000|0,0000|0,00|70|0,30|0,0000|0,000|0,0000|0,00||0,00|
|C170|004|10284||4,00000|UND|8,72|0,00|0|000|1556|0000000009|0,00|0,00|0,00|0,00|0,00|0,00|0|03||0,00|0,00|0,00|70|8,72|0,0000|0,000|0,0000|0,00|70|8,72|0,0000|0,000|0,0000|0,00||0,00|
|C170|005|10290||10,00000|UND|22,20|0,00|0|000|1556|0000000009|0,00|0,00|0,00|0,00|0,00|0,00|0|03||0,00|0,00|0,00|70|22,20|0,0000|0,000|0,0000|0,00|70|22,20|0,0000|0,000|0,0000|0,00||0,00|
|C170|006|10299||4,00000|UN|19,92|0,00|0|040|1556|0000000009|0,00|0,00|0,00|0,00|0,00|0,00|0|49||0,00|0,00|0,00|70|19,92|0,0000|0,000|0,0000|0,00|70|19,92|0,0000|0,000|0,0000|0,00||0,00|
|C170|007|10420||4,00000|UND|11,96|0,00|0|000|1556|0000000009|0,00|0,00|0,00|0,00|0,00|0,00|0|03||0,00|0,00|0,00|70|11,96|0,0000|0,000|0,0000|0,00|70|11,96|0,0000|0,000|0,0000|0,00||0,00|
|C170|008|10458||1,00000|BR|14,80|0,00|0|000|1556|0000000009|0,00|0,00|0,00|0,00|0,00|0,00|0|||0,00|0,00|0,00|70|14,80|0,0000|0,000|0,0000|0,00|70|14,80|0,0000|0,000|0,0000|0,00||0,00|
|C170|009|10461||13,00000|UN|765,44|0,00|0|040|1556|0000000009|0,00|0,00|0,00|0,00|0,00|0,00|0|49||0,00|0,00|0,00|70|765,44|0,0000|0,000|0,0000|0,00|70|765,44|0,0000|0,000|0,0000|0,00||0,00|
|C170|010|2537||2,00000|UND|3,80|0,00|0|041|1556|0000000009|0,00|0,00|0,00|0,00|0,00|0,00|0|||0,00|0,00|0,00|70|3,80|0,0000|0,000|0,0000|0,00|70|3,80|0,0000|0,000|0,0000|0,00||0,00|
|C170|011|92022||1,00000|UN|9,99|0,00|0|040|1556|0000000009|0,00|0,00|0,00|0,00|0,00|0,00|0|49||0,00|0,00|0,00|70|9,99|0,0000|0,000|0,0000|0,00|70|9,99|0,0000|0,000|0,0000|0,00||0,00|
|C170|012|93428||3,00000|UN|81,69|0,00|0|040|1556|0000000009|0,00|0,00|0,00|0,00|0,00|0,00|0|49||0,00|0,00|0,00|70|81,69|0,0000|0,000|0,0000|0,00|70|81,69|0,0000|0,000|0,0000|0,00||0,00|
|C190|000|1556|0,00|60,02|0,00|0,00|0,00|0,00|0,00|0,00||
|C190|040|1556|0,00|882,98|0,00|0,00|0,00|0,00|0,00|0,00||
|C190|041|1556|0,00|3,80|0,00|0,00|0,00|0,00|0,00|0,00||
|C100|0|1|1388|55|00|000|000109690|35190150632017000130550000001096901003858320|29012019|29012019|557,26|2|0,00|0,00|557,26|1|0,00|0,00|0,00|0,00|0,00|0,00|0,00|0,00|0,00|0,00|0,00|0,00|
|C170|001|0002731||1,00000|PC|557,26|0,00|1|000|1556|0000000009|0,00|0,00|0,00|0,00|0,00|0,00|0|49||0,00|5,00|0,00|70|557,26|0,0000|0,000|0,0000|0,00|70|557,26|0,0000|0,000|0,0000|0,00||0,00|
|C190|000|1556|0,00|557,26|0,00|0,00|0,00|0,00|0,00|0,00||
|C100|0|1|952|55|00|1|000117664|35190107228128000156550010001176641002339883|21012019|21012019|68818,75|2|0,00|0,00|68818,75|0|0,00|0,00|0,00|0,00|0,00|0,00|0,00|0,00|0,00|0,00|0,00|0,00|
|C170|001|EVA-HM728||1375,00000|KG|15468,75|0,00|1|050|1924|0000000009|0,00|0,00|0,00|0,00|0,00|0,00|0|03||0,00|0,00|0,00|70|15468,75|0,0000|0,000|0,0000|0,00|70|15468,75|0,0000|0,000|0,0000|0,00||0,00|
|C170|002|EVA-TN2020||2750,00000|KG|27500,00|0,00|1|550|1924|0000000009|0,00|0,00|0,00|0,00|0,00|0,00|0|03||0,00|0,00|0,00|70|27500,00|0,0000|0,000|0,0000|0,00|70|27500,00|0,0000|0,000|0,0000|0,00||0,00|
|C170|003|EVA-PN2021||2750,00000|KG|25850,00|0,00|1|550|1924|0000000009|0,00|0,00|0,00|0,00|0,00|0,00|0|03||0,00|0,00|0,00|70|25850,00|0,0000|0,000|0,0000|0,00|70|25850,00|0,0000|0,000|0,0000|0,00||0,00|
|C190|050|1924|0,00|15468,75|0,00|0,00|0,00|0,00|0,00|0,00||
|C190|550|1924|0,00|53350,00|0,00|0,00|0,00|0,00|0,00|0,00||
|C100|0|1|4JG0HZ65V|55|00|1|000117922|35190121881060000130550010001179221214730659|08012019|08012019|41730,00|2|0,00|0,00|41730,00|0|0,00|0,00|0,00|0,00|0,00|0,00|0,00|0,00|0,00|0,00|0,00|0,00|
|C110|1|ICMS  ISENTO CONFORME ART 19 I A DECRETO 628497IPI  SUSPENSO CONFORME ART 40 XII DECRETO 263798|
|C170|001|4000ARAM-CZ-RE||20,00000|UN|39000,00|0,00|1|040|1920|0000000009|0,00|0,00|0,00|0,00|0,00|0,00|0|05||0,00|0,00|0,00|70|39000,00|0,0000|0,000|0,0000|0,00|70|39000,00|0,0000|0,000|0,0000|0,00||0,00|
|C170|002|6429-AZ-REY||65,00000|UN|2730,00|0,00|1|040|1920|0000000009|0,00|0,00|0,00|0,00|0,00|0,00|0|05||0,00|0,00|0,00|70|2730,00|0,0000|0,000|0,0000|0,00|70|2730,00|0,0000|0,000|0,0000|0,00||0,00|
|C190|040|1920|0,00|41730,00|0,00|0,00|0,00|0,00|0,00|0,00||
|C100|0|1|4JG0HZ65V|55|00|1|000118197|35190121881060000130550010001181971577540404|10012019|10012019|39000,00|2|0,00|0,00|39000,00|0|0,00|0,00|0,00|0,00|0,00|0,00|0,00|0,00|0,00|0,00|0,00|0,00|
|C110|1|ICMS  ISENTO CONFORME ART 19 I A DECRETO 628497IPI  SUSPENSO CONFORME ART 40 XII DECRETO 263798|
|C170|001|4000ARAM-CZ-RE||20,00000|UN|39000,00|0,00|1|040|1920|0000000009|0,00|0,00|0,00|0,00|0,00|0,00|0|05||0,00|0,00|0,00|70|39000,00|0,0000|0,000|0,0000|0,00|70|39000,00|0,0000|0,000|0,0000|0,00||0,00|
|C190|040|1920|0,00|39000,00|0,00|0,00|0,00|0,00|0,00|0,00||
|C100|0|1|4JG0HZ65V|55|00|1|000118951|35190121881060000130550010001189511139131141|17012019|17012019|2520,00|2|0,00|0,00|2520,00|0|0,00|0,00|0,00|0,00|0,00|0,00|0,00|0,00|0,00|0,00|0,00|0,00|
|C110|1|ICMS  ISENTO CONFORME ART 19 I A DECRETO 628497IPI  SUSPENSO CONFORME ART 40 XII DECRETO 263798|
|C170|001|6429-AZ-REY||60,00000|UN|2520,00|0,00|1|040|1920|0000000009|0,00|0,00|0,00|0,00|0,00|0,00|0|05||0,00|0,00|0,00|70|2520,00|0,0000|0,000|0,0000|0,00|70|2520,00|0,0000|0,000|0,0000|0,00||0,00|
|C190|040|1920|0,00|2520,00|0,00|0,00|0,00|0,00|0,00|0,00||
|C100|0|1|4JG0HZ65V|55|00|1|000119489|35190121881060000130550010001194891722734889|22012019|22012019|39000,00|2|0,00|0,00|39000,00|0|0,00|0,00|0,00|0,00|0,00|0,00|0,00|0,00|0,00|0,00|0,00|0,00|
|C110|1|ICMS  ISENTO CONFORME ART 19 I A DECRETO 628497IPI  SUSPENSO CONFORME ART 40 XII DECRETO 263798|
|C170|001|4000ARAM-CZ-RE||20,00000|UN|39000,00|0,00|1|040|1920|0000000009|0,00|0,00|0,00|0,00|0,00|0,00|0|05||0,00|0,00|0,00|70|39000,00|0,0000|0,000|0,0000|0,00|70|39000,00|0,0000|0,000|0,0000|0,00||0,00|
|C190|040|1920|0,00|39000,00|0,00|0,00|0,00|0,00|0,00|0,00||
|C100|0|1|4JG0HZ65V|55|00|1|000119658|35190121881060000130550010001196581600349691|23012019|23012019|41520,00|2|0,00|0,00|41520,00|0|0,00|0,00|0,00|0,00|0,00|0,00|0,00|0,00|0,00|0,00|0,00|0,00|
|C110|1|ICMS  ISENTO CONFORME ART 19 I A DECRETO 628497IPI  SUSPENSO CONFORME ART 40 XII DECRETO 263798|
|C170|001|4000ARAM-CZ-RE||20,00000|UN|39000,00|0,00|1|040|1920|0000000009|0,00|0,00|0,00|0,00|0,00|0,00|0|05||0,00|0,00|0,00|70|39000,00|0,0000|0,000|0,0000|0,00|70|39000,00|0,0000|0,000|0,0000|0,00||0,00|
|C170|002|6429-AZ-REY||60,00000|UN|2520,00|0,00|1|040|1920|0000000009|0,00|0,00|0,00|0,00|0,00|0,00|0|05||0,00|0,00|0,00|70|2520,00|0,0000|0,000|0,0000|0,00|70|2520,00|0,0000|0,000|0,0000|0,00||0,00|
|C190|040|1920|0,00|41520,00|0,00|0,00|0,00|0,00|0,00|0,00||
|C100|0|1|4JG0HZ65V|55|00|1|000120273|35190121881060000130550010001202731350009160|29012019|29012019|2520,00|2|0,00|0,00|2520,00|0|0,00|0,00|0,00|0,00|0,00|0,00|0,00|0,00|0,00|0,00|0,00|0,00|
|C110|1|ICMS  ISENTO CONFORME ART 19 I A DECRETO 628497IPI  SUSPENSO CONFORME ART 40 XII DECRETO 263798|
|C170|001|6429-AZ-REY||60,00000|UN|2520,00|0,00|1|040|1920|0000000009|0,00|0,00|0,00|0,00|0,00|0,00|0|05||0,00|0,00|0,00|70|2520,00|0,0000|0,000|0,0000|0,00|70|2520,00|0,0000|0,000|0,0000|0,00||0,00|
|C190|040|1920|0,00|2520,00|0,00|0,00|0,00|0,00|0,00|0,00||
|C100|0|1|4JG0HZ65V|55|00|1|000120283|35190121881060000130550010001202831986642251|29012019|29012019|29250,00|2|0,00|0,00|29250,00|0|0,00|0,00|0,00|0,00|0,00|0,00|0,00|0,00|0,00|0,00|0,00|0,00|
|C110|1|ICMS  ISENTO CONFORME ART 19 I A DECRETO 628497IPI  SUSPENSO CONFORME ART 40 XII DECRETO 263798|
|C170|001|4000ARAM-CZ-RE||15,00000|UN|29250,00|0,00|1|040|1920|0000000009|0,00|0,00|0,00|0,00|0,00|0,00|0|05||0,00|0,00|0,00|70|29250,00|0,0000|0,000|0,0000|0,00|70|29250,00|0,0000|0,000|0,0000|0,00||0,00|
|C190|040|1920|0,00|29250,00|0,00|0,00|0,00|0,00|0,00|0,00||
|C100|0|1|4JG0HZ65V|55|00|1|000120487|35190121881060000130550010001204871157526120|30012019|30012019|2562,00|2|0,00|0,00|2562,00|0|0,00|0,00|0,00|0,00|0,00|0,00|0,00|0,00|0,00|0,00|0,00|0,00|
|C110|1|ICMS  ISENTO CONFORME ART 19 I A DECRETO 628497IPI  SUSPENSO CONFORME ART 40 XII DECRETO 263798|
|C170|001|6429-AZ-REY||61,00000|UN|2562,00|0,00|1|040|1920|0000000009|0,00|0,00|0,00|0,00|0,00|0,00|0|05||0,00|0,00|0,00|70|2562,00|0,0000|0,000|0,0000|0,00|70|2562,00|0,0000|0,000|0,0000|0,00||0,00|
|C190|040|1920|0,00|2562,00|0,00|0,00|0,00|0,00|0,00|0,00||
|C100|0|1|4JG0HZ65V|55|00|1|000120653|35190121881060000130550010001206531255078460|31012019|31012019|58500,00|2|0,00|0,00|58500,00|0|0,00|0,00|0,00|0,00|0,00|0,00|0,00|0,00|0,00|0,00|0,00|0,00|
|C110|1|ICMS  ISENTO CONFORME ART 19 I A DECRETO 628497IPI  SUSPENSO CONFORME ART 40 XII DECRETO 263798|
|C170|001|4000ARAM-CZ-RE||30,00000|UN|58500,00|0,00|1|040|1920|0000000009|0,00|0,00|0,00|0,00|0,00|0,00|0|05||0,00|0,00|0,00|70|58500,00|0,0000|0,000|0,0000|0,00|70|58500,00|0,0000|0,000|0,0000|0,00||0,00|
|C190|040|1920|0,00|58500,00|0,00|0,00|0,00|0,00|0,00|0,00||
|C100|0|1|4CH0O3IEN|55|00|1|000121883|35190102914460026389550010001218831681255353|02012019|02012019|250,00|2|0,00|0,00|250,00|1|0,00|0,00|0,00|0,00|0,00|0,00|0,00|0,00|0,00|0,00|0,00|0,00|
|C170|001|449458||10,00000|UN|250,00|0,00|1|040|1921|0000000009|0,00|0,00|0,00|0,00|0,00|0,00|0|01||0,00|0,00|0,00|70|250,00|0,0000|0,000|0,0000|0,00|70|250,00|0,0000|0,000|0,0000|0,00||0,00|
|C190|040|1921|0,00|250,00|0,00|0,00|0,00|0,00|0,00|0,00|1|
|C195|1|CANHOTO_1_1 DATAHORA DE SAIDA02012019 1700  PED 00000023459  CANHOTO_1_2 FIL0385   NFE SEM BLOQUETO|
|C100|0|1|4CH0O3IEN|55|00|1|000121903|35190102914460026389550010001219031587285915|03012019|03012019|150,00|2|0,00|0,00|150,00|1|0,00|0,00|0,00|0,00|0,00|0,00|0,00|0,00|0,00|0,00|0,00|0,00|
|C170|001|449458||6,00000|UN|150,00|0,00|1|040|1921|0000000009|0,00|0,00|0,00|0,00|0,00|0,00|0|01||0,00|0,00|0,00|70|150,00|0,0000|0,000|0,0000|0,00|70|150,00|0,0000|0,000|0,0000|0,00||0,00|
|C190|040|1921|0,00|150,00|0,00|0,00|0,00|0,00|0,00|0,00|1|
|C195|1|CANHOTO_1_1 DATAHORA DE SAIDA03012019 1400  PED 00000023476  CANHOTO_1_2 FIL0385   NFE SEM BLOQUETO|
|C100|0|1|4CH0O3IEN|55|00|1|000122221|35190102914460026389550010001222211487576947|15012019|15012019|50,00|2|0,00|0,00|50,00|1|0,00|0,00|0,00|0,00|0,00|0,00|0,00|0,00|0,00|0,00|0,00|0,00|
|C170|001|449458||2,00000|UN|50,00|0,00|1|040|1921|0000000009|0,00|0,00|0,00|0,00|0,00|0,00|0|01||0,00|0,00|0,00|70|50,00|0,0000|0,000|0,0000|0,00|70|50,00|0,0000|0,000|0,0000|0,00||0,00|
|C190|040|1921|0,00|50,00|0,00|0,00|0,00|0,00|0,00|0,00|1|
|C195|1|CANHOTO_1_1 DATAHORA DE SAIDA15012019 1730  PED 00000023691  CANHOTO_1_2 FIL0385   NFE SEM BLOQUETO|
|C100|0|1|4CH0O3IEN|55|00|1|000122304|35190102914460026389550010001223041514839049|18012019|18012019|125,00|2|0,00|0,00|125,00|1|0,00|0,00|0,00|0,00|0,00|0,00|0,00|0,00|0,00|0,00|0,00|0,00|
|C170|001|449458||5,00000|UN|125,00|0,00|1|040|1921|0000000009|0,00|0,00|0,00|0,00|0,00|0,00|0|01||0,00|0,00|0,00|70|125,00|0,0000|0,000|0,0000|0,00|70|125,00|0,0000|0,000|0,0000|0,00||0,00|
|C190|040|1921|0,00|125,00|0,00|0,00|0,00|0,00|0,00|0,00|1|
|C195|1|CANHOTO_1_1 DATAHORA DE SAIDA18012019 1500  PED 00000023753  CANHOTO_1_2 FIL0385   NFE SEM BLOQUETO|
|C100|0|1|2390|55|00|000|000127767|35190161591459000444550000001277671138424580|23012019|23012019|1100,90|2|275,22|0,00|1376,12|1|0,00|0,00|0,00|0,00|0,00|0,00|0,00|0,00|0,00|0,00|0,00|0,00|
|C170|001|A0000180233||1,00000|UN|285,89|57,18|1|560|1556|0000000009|0,00|0,00|0,00|0,00|0,00|0,00|0|03||0,00|0,00|0,00|70|285,89|0,0000|0,000|0,0000|0,00|70|285,89|0,0000|0,000|0,0000|0,00||0,00|
|C170|002|A9060180082||1,00000|UN|23,52|4,70|1|560|1556|0000000009|0,00|0,00|0,00|0,00|0,00|0,00|0|03||0,00|0,00|0,00|70|23,52|0,0000|0,000|0,0000|0,00|70|23,52|0,0000|0,000|0,0000|0,00||0,00|
|C170|003|A0000160421||1,00000|LT|273,87|54,77|1|060|1556|0000000009|0,00|0,00|0,00|0,00|0,00|0,00|0|03||0,00|0,00|0,00|70|273,87|0,0000|0,000|0,0000|0,00|70|273,87|0,0000|0,000|0,0000|0,00||0,00|
|C170|004|A9041800910||1,00000|UN|532,66|106,53|1|560|1556|0000000009|0,00|0,00|0,00|0,00|0,00|0,00|0|03||0,00|0,00|0,00|70|532,66|0,0000|0,000|0,0000|0,00|70|532,66|0,0000|0,000|0,0000|0,00||0,00|
|C170|005|Q133253||1,00000|UN|139,80|27,96|1|000|1556|0000000009|0,00|0,00|0,00|0,00|0,00|0,00|0|03||0,00|0,00|0,00|70|139,80|0,0000|0,000|0,0000|0,00|70|139,80|0,0000|0,000|0,0000|0,00||0,00|
|C170|006|Q500033||1,00000|UN|65,00|13,00|1|000|1556|0000000009|0,00|0,00|0,00|0,00|0,00|0,00|0|03||0,00|0,00|0,00|70|65,00|0,0000|0,000|0,0000|0,00|70|65,00|0,0000|0,000|0,0000|0,00||0,00|
|C170|007|A0269976648||1,00000|UN|55,38|11,08|1|060|1556|0000000009|0,00|0,00|0,00|0,00|0,00|0,00|0|03||0,00|0,00|0,00|70|55,38|0,0000|0,000|0,0000|0,00|70|55,38|0,0000|0,000|0,0000|0,00||0,00|
|C190|000|1556|0,00|204,80|0,00|0,00|0,00|0,00|0,00|0,00|1|
|C190|060|1556|0,00|329,25|0,00|0,00|0,00|0,00|0,00|0,00|1|
|C190|560|1556|0,00|842,07|0,00|0,00|0,00|0,00|0,00|0,00|1|
|C195|1|EMAILEMITENTE DENIGRISGUARULHOSDENIGRISCOMBR|
|C100|0|1|2630|55|00|1|000181875|35190103862847000173550010001818751009821510|10012019|10012019|5016,00|2|0,00|0,00|4560,00|0|0,00|0,00|0,00|4560,00|820,80|0,00|0,00|456,00|0,00|0,00|0,00|0,00|
|C170|001|PR 000003428||1000,00000|LT|4560,00|0,00|1|000|1101|0000000009|4560,00|18,00|820,80|0,00|0,00|0,00|0|00||4560,00|10,00|456,00|70|4560,00|0,0000|0,000|0,0000|0,00|70|4560,00|0,0000|0,000|0,0000|0,00||0,00|
|C190|000|1101|18,00|5016,00|4560,00|820,80|0,00|0,00|0,00|456,00|1|
|C195|1|PEDIDO 016500108300|
|C100|0|1|2630|55|00|1|000181876|35190103862847000173550010001818761972323291|10012019|10012019|8000,00|2|0,00|0,00|8000,00|0|0,00|0,00|0,00|0,00|0,00|0,00|0,00|0,00|0,00|0,00|0,00|0,00|
|C170|001|EM 3943||1,00000|UN|8000,00|0,00|1|040|1920|0000000009|0,00|0,00|0,00|0,00|0,00|0,00|0|03||0,00|0,00|0,00|70|8000,00|0,0000|0,000|0,0000|0,00|70|8000,00|0,0000|0,000|0,0000|0,00||0,00|
|C190|040|1920|0,00|8000,00|0,00|0,00|0,00|0,00|0,00|0,00|1|
|C195|1|PEDIDO 016500108381|
|C100|0|1|2630|55|00|1|000182386|35190103862847000173550010001823861128496762|17012019|17012019|5016,00|2|0,00|0,00|4560,00|0|0,00|0,00|0,00|4560,00|820,80|0,00|0,00|456,00|0,00|0,00|0,00|0,00|
|C170|001|PR 000003428||1000,00000|LT|4560,00|0,00|1|000|1101|0000000007|4560,00|18,00|820,80|0,00|0,00|0,00|0|00||4560,00|10,00|456,00|70|4560,00|0,0000|0,000|0,0000|0,00|70|4560,00|0,0000|0,000|0,0000|0,00||0,00|
|C190|000|1101|18,00|5016,00|4560,00|820,80|0,00|0,00|0,00|456,00|1|
|C195|1|PEDIDO 016500111000|
|C100|0|1|2630|55|00|1|000182387|35190103862847000173550010001823871512185473|17012019|17012019|8000,00|2|0,00|0,00|8000,00|0|0,00|0,00|0,00|0,00|0,00|0,00|0,00|0,00|0,00|0,00|0,00|0,00|
|C170|001|EM 3943||1,00000|UN|8000,00|0,00|1|040|1920|0000000009|0,00|0,00|0,00|0,00|0,00|0,00|0|03||0,00|0,00|0,00|70|8000,00|0,0000|0,000|0,0000|0,00|70|8000,00|0,0000|0,000|0,0000|0,00||0,00|
|C190|040|1920|0,00|8000,00|0,00|0,00|0,00|0,00|0,00|0,00|1|
|C195|1|PEDIDO 016500111081|
|C100|0|1|4990U54ZN|55|00|1|000193627|33190142150391004753550010001936271465329887|03012019|03012019|87790,01|2|0,00|0,00|83609,53|0|0,00|0,00|0,00|83609,53|10033,14|0,00|0,00|4180,48|0,00|0,00|0,00|0,00|
|C170|001|LF0720/21AF PL||13,75000|TO|83609,53|0,00|1|500|2101|0000000001|83609,53|12,00|10033,14|0,00|0,00|0,00|0|00||83609,53|5,00|4180,48|70|83609,53|0,0000|0,000|0,0000|0,00|70|83609,53|0,0000|0,000|0,0000|0,00||0,00|
|C190|500|2101|12,00|87790,01|83609,53|10033,14|0,00|0,00|0,00|4180,48||
|C100|0|1|4990U54ZN|55|00|1|000193671|33190142150391004753550010001936711653225676|03012019|03012019|41796,95|2|0,00|0,00|41796,95|0|0,00|0,00|0,00|0,00|0,00|0,00|0,00|0,00|0,00|0,00|0,00|0,00|
|C170|001|LF0720/21AF PL||6,87500|TO|41796,95|0,00|1|550|2924|0000000009|0,00|0,00|0,00|0,00|0,00|0,00|0|00||0,00|5,00|0,00|70|41796,95|0,0000|0,000|0,0000|0,00|70|41796,95|0,0000|0,000|0,0000|0,00||0,00|
|C190|550|2924|0,00|41796,95|0,00|0,00|0,00|0,00|0,00|0,00||
|C100|0|1|4990U54ZN|55|00|1|000193674|33190142150391004753550010001936741653539060|03012019|03012019|41796,95|2|0,00|0,00|41796,95|0|0,00|0,00|0,00|0,00|0,00|0,00|0,00|0,00|0,00|0,00|0,00|0,00|
|C170|001|LF0720/20AF PL||6,87500|TO|41796,95|0,00|1|550|2924|0000000009|0,00|0,00|0,00|0,00|0,00|0,00|0|00||0,00|5,00|0,00|70|41796,95|0,0000|0,000|0,0000|0,00|70|41796,95|0,0000|0,000|0,0000|0,00||0,00|
|C190|550|2924|0,00|41796,95|0,00|0,00|0,00|0,00|0,00|0,00||
|C100|0|1|4990U54ZN|55|00|1|000194663|33190142150391004753550010001946631257284699|10012019|10012019|42254,30|2|0,00|0,00|40242,19|0|0,00|0,00|0,00|40242,19|4829,06|0,00|0,00|2012,11|0,00|0,00|0,00|0,00|
|C170|001|LF0720/20AF PL||6,87500|TO|40242,19|0,00|1|500|2101|0000000001|40242,19|12,00|4829,06|0,00|0,00|0,00|0|00||40242,19|5,00|2012,11|70|40242,19|0,0000|0,000|0,0000|0,00|70|40242,19|0,0000|0,000|0,0000|0,00||0,00|
|C190|500|2101|12,00|42254,30|40242,19|4829,06|0,00|0,00|0,00|2012,11||
|C100|0|1|4990U54ZN|55|00|1|000194664|33190142150391004753550010001946641516979490|10012019|10012019|42254,30|2|0,00|0,00|40242,19|0|0,00|0,00|0,00|40242,19|4829,06|0,00|0,00|2012,11|0,00|0,00|0,00|0,00|
|C170|001|LF0720/21AF PL||6,87500|TO|40242,19|0,00|1|500|2101|0000000001|40242,19|12,00|4829,06|0,00|0,00|0,00|0|00||40242,19|5,00|2012,11|70|40242,19|0,0000|0,000|0,0000|0,00|70|40242,19|0,0000|0,000|0,0000|0,00||0,00|
|C190|500|2101|12,00|42254,30|40242,19|4829,06|0,00|0,00|0,00|2012,11||
|C100|0|1|4990U54ZN|55|00|1|000196127|33190142150391004753550010001961271947820472|18012019|18012019|84508,60|2|0,00|0,00|80484,38|0|0,00|0,00|0,00|80484,38|9658,13|0,00|0,00|4024,22|0,00|0,00|0,00|0,00|
|C170|001|LF0720/21AF PL||13,75000|TO|80484,38|0,00|1|500|2101|0000000001|80484,38|12,00|9658,13|0,00|0,00|0,00|0|00||80484,38|5,00|4024,22|70|80484,38|0,0000|0,000|0,0000|0,00|70|80484,38|0,0000|0,000|0,0000|0,00||0,00|
|C190|500|2101|12,00|84508,60|80484,38|9658,13|0,00|0,00|0,00|4024,22||
|C100|0|1|4990U54ZN|55|00|1|000197655|33190142150391004753550010001976551474497838|26012019|26012019|16901,72|2|0,00|0,00|16096,88|0|0,00|0,00|0,00|16096,88|1931,63|0,00|0,00|804,84|0,00|0,00|0,00|0,00|
|C170|001|LF0720/20AF PL||2,75000|TO|16096,88|0,00|1|500|2101|0000000001|16096,88|12,00|1931,63|0,00|0,00|0,00|0|00||16096,88|5,00|804,84|70|16096,88|0,0000|0,000|0,0000|0,00|70|16096,88|0,0000|0,000|0,0000|0,00||0,00|
|C190|500|2101|12,00|16901,72|16096,88|1931,63|0,00|0,00|0,00|804,84||
|C100|0|1|4990U54ZN|55|00|1|000197656|33190142150391004753550010001976561178145431|26012019|26012019|67606,88|2|0,00|0,00|64387,50|0|0,00|0,00|0,00|64387,50|7726,50|0,00|0,00|3219,38|0,00|0,00|0,00|0,00|
|C170|001|LF0720/21AF PL||11,00000|TO|64387,50|0,00|1|500|2101|0000000001|64387,50|12,00|7726,50|0,00|0,00|0,00|0|00||64387,50|5,00|3219,38|70|64387,50|0,0000|0,000|0,0000|0,00|70|64387,50|0,0000|0,000|0,0000|0,00||0,00|
|C190|500|2101|12,00|67606,88|64387,50|7726,50|0,00|0,00|0,00|3219,38||
|C100|0|1|52J0H8SN8|55|00|3|000206824|42190105378317000180550030002068241000042018|14012019|14012019|2059,35|2|0,00|0,00|2059,35|0|0,00|0,00|0,00|2059,35|247,12|0,00|0,00|0,00|0,00|0,00|0,00|0,00|
|C170|001|11527-AG||94,00000|KG|1635,60|0,00|1|500|2101|0000000002|1635,60|12,00|196,27|0,00|0,00|0,00|0|01||0,00|0,00|0,00|70|1635,60|0,0000|0,000|0,0000|0,00|70|1635,60|0,0000|0,000|0,0000|0,00||0,00|
|C170|002|5217-AK||25,00000|KG|423,75|0,00|1|500|2101|0000000002|423,75|12,00|50,85|0,00|0,00|0,00|0|01||0,00|0,00|0,00|70|423,75|0,0000|0,000|0,0000|0,00|70|423,75|0,0000|0,000|0,0000|0,00||0,00|
|C190|500|2101|12,00|2059,35|2059,35|247,12|0,00|0,00|0,00|0,00||
|C100|0|1|44D0GBTC4|55|00|2|000213069|35190149295801000110550020002130691584195284|08012019|08012019|2097,61|2|0,00|0,00|2097,61|1|0,00|0,00|0,00|0,00|0,00|0,00|0,00|0,00|0,00|0,00|0,00|0,00|
|C110|1|BC RED EM 2666 CF CONV 5291 ART 9 ANEXO  2 DECR 01893 DE 311007|
|C170|001|144002066||2,00000|PC|238,72|0,00|1|060|1556|0000000009|0,00|0,00|0,00|0,00|0,00|0,00|0|49||0,00|0,00|0,00|70|238,72|0,0000|0,000|0,0000|0,00|70|238,72|0,0000|0,000|0,0000|0,00||0,00|
|C170|002|144002048||5,00000|PC|49,25|0,00|1|060|1556|0000000009|0,00|0,00|0,00|0,00|0,00|0,00|0|49||0,00|0,00|0,00|70|49,25|0,0000|0,000|0,0000|0,00|70|49,25|0,0000|0,000|0,0000|0,00||0,00|
|C170|003|144002207||5,00000|PC|9,35|0,00|1|060|1556|0000000009|0,00|0,00|0,00|0,00|0,00|0,00|0|49||0,00|0,00|0,00|70|9,35|0,0000|0,000|0,0000|0,00|70|9,35|0,0000|0,000|0,0000|0,00||0,00|
|C170|004|40002006||50,00000|FL|93,00|0,00|1|000|1556|0000000009|0,00|0,00|0,00|0,00|0,00|0,00|0|49||0,00|0,00|0,00|70|93,00|0,0000|0,000|0,0000|0,00|70|93,00|0,0000|0,000|0,0000|0,00||0,00|
|C170|005|40002008||50,00000|FL|93,00|0,00|1|000|1556|0000000009|0,00|0,00|0,00|0,00|0,00|0,00|0|49||0,00|0,00|0,00|70|93,00|0,0000|0,000|0,0000|0,00|70|93,00|0,0000|0,000|0,0000|0,00||0,00|
|C170|006|40002005||50,00000|FL|101,50|0,00|1|000|1556|0000000009|0,00|0,00|0,00|0,00|0,00|0,00|0|49||0,00|0,00|0,00|70|101,50|0,0000|0,000|0,0000|0,00|70|101,50|0,0000|0,000|0,0000|0,00||0,00|
|C170|007|40002010||50,00000|FL|90,50|0,00|1|000|1556|0000000009|0,00|0,00|0,00|0,00|0,00|0,00|0|49||0,00|0,00|0,00|70|90,50|0,0000|0,000|0,0000|0,00|70|90,50|0,0000|0,000|0,0000|0,00||0,00|
|C170|008|40002011||50,00000|FL|90,50|0,00|1|000|1556|0000000009|0,00|0,00|0,00|0,00|0,00|0,00|0|49||0,00|0,00|0,00|70|90,50|0,0000|0,000|0,0000|0,00|70|90,50|0,0000|0,000|0,0000|0,00||0,00|
|C170|009|48010123||1,00000|PC|29,14|0,00|1|060|1556|0000000009|0,00|0,00|0,00|0,00|0,00|0,00|0|49||0,00|0,00|0,00|70|29,14|0,0000|0,000|0,0000|0,00|70|29,14|0,0000|0,000|0,0000|0,00||0,00|
|C170|010|48010122||1,00000|PC|29,14|0,00|1|060|1556|0000000009|0,00|0,00|0,00|0,00|0,00|0,00|0|49||0,00|0,00|0,00|70|29,14|0,0000|0,000|0,0000|0,00|70|29,14|0,0000|0,000|0,0000|0,00||0,00|
|C170|011|48010079||1,00000|PC|32,44|0,00|1|060|1556|0000000009|0,00|0,00|0,00|0,00|0,00|0,00|0|49||0,00|0,00|0,00|70|32,44|0,0000|0,000|0,0000|0,00|70|32,44|0,0000|0,000|0,0000|0,00||0,00|
|C170|012|48015001||1,00000|PC|38,42|0,00|1|000|1556|0000000009|0,00|0,00|0,00|0,00|0,00|0,00|0|49||0,00|0,00|0,00|70|38,42|0,0000|0,000|0,0000|0,00|70|38,42|0,0000|0,000|0,0000|0,00||0,00|
|C170|013|48015002||1,00000|PC|64,86|0,00|1|000|1556|0000000009|0,00|0,00|0,00|0,00|0,00|0,00|0|49||0,00|0,00|0,00|70|64,86|0,0000|0,000|0,0000|0,00|70|64,86|0,0000|0,000|0,0000|0,00||0,00|
|C170|014|48010119||1,00000|PC|31,69|0,00|1|060|1556|0000000009|0,00|0,00|0,00|0,00|0,00|0,00|0|49||0,00|0,00|0,00|70|31,69|0,0000|0,000|0,0000|0,00|70|31,69|0,0000|0,000|0,0000|0,00||0,00|
|C170|015|144002069||2,00000|PC|492,78|0,00|1|060|1556|0000000009|0,00|0,00|0,00|0,00|0,00|0,00|0|49||0,00|0,00|0,00|70|492,78|0,0000|0,000|0,0000|0,00|70|492,78|0,0000|0,000|0,0000|0,00||0,00|
|C170|016|144002063||2,00000|PC|560,16|0,00|1|060|1556|0000000009|0,00|0,00|0,00|0,00|0,00|0,00|0|49||0,00|0,00|0,00|70|560,16|0,0000|0,000|0,0000|0,00|70|560,16|0,0000|0,000|0,0000|0,00||0,00|
|C170|017|48010085||1,00000|PC|53,16|0,00|1|060|1556|0000000009|0,00|0,00|0,00|0,00|0,00|0,00|0|49||0,00|0,00|0,00|70|53,16|0,0000|0,000|0,0000|0,00|70|53,16|0,0000|0,000|0,0000|0,00||0,00|
|C190|000|1556|0,00|571,78|0,00|0,00|0,00|0,00|0,00|0,00||
|C190|060|1556|0,00|1525,83|0,00|0,00|0,00|0,00|0,00|0,00||
|C100|0|1|1219|55|00|5|000513235|35190143648971000155550050005132351048907460|29012019|29012019|1766,36|2|0,00|0,00|1708,79|0|57,57|0,00|0,00|0,00|0,00|0,00|0,00|0,00|0,00|0,00|0,00|0,00|
|C170|001|0664631150||50,00000|UN|609,07|0,00|1|600|1556|0000000009|0,00|0,00|0,00|0,00|0,00|0,00|0|03||0,00|0,00|0,00|70|609,07|0,0000|0,000|0,0000|0,00|70|609,07|0,0000|0,000|0,0000|0,00||0,00|
|C170|002|065506||2,00000|UN|143,91|0,00|1|600|1556|0000000009|0,00|0,00|0,00|0,00|0,00|0,00|0|49||0,00|8,00|0,00|70|143,91|0,0000|0,000|0,0000|0,00|70|143,91|0,0000|0,000|0,0000|0,00||0,00|
|C170|003|065508||2,00000|UN|167,82|0,00|1|600|1556|0000000009|0,00|0,00|0,00|0,00|0,00|0,00|0|49||0,00|8,00|0,00|70|167,82|0,0000|0,000|0,0000|0,00|70|167,82|0,0000|0,000|0,0000|0,00||0,00|
|C170|004|0893567050||1,00000|UN|57,78|0,00|1|000|1556|0000000009|0,00|0,00|0,00|0,00|0,00|0,00|0|03||0,00|0,00|0,00|70|57,78|0,0000|0,000|0,0000|0,00|70|57,78|0,0000|0,000|0,0000|0,00||0,00|
|C170|005|38902||5,00000|UN|52,85|0,00|1|060|1556|0000000009|0,00|0,00|0,00|0,00|0,00|0,00|0|05||0,00|0,00|0,00|70|52,85|0,0000|0,000|0,0000|0,00|70|52,85|0,0000|0,000|0,0000|0,00||0,00|
|C170|006|0556101016||10,00000|UN|113,06|0,00|1|100|1556|0000000009|0,00|0,00|0,00|0,00|0,00|0,00|0|49||0,00|15,00|0,00|70|113,06|0,0000|0,000|0,0000|0,00|70|113,06|0,0000|0,000|0,0000|0,00||0,00|
|C170|007|0585011348||2,00000|UN|214,73|0,00|1|600|1556|0000000009|0,00|0,00|0,00|0,00|0,00|0,00|0|03||0,00|0,00|0,00|70|214,73|0,0000|0,000|0,0000|0,00|70|214,73|0,0000|0,000|0,0000|0,00||0,00|
|C170|008|0579581316||5,00000|UN|51,32|0,00|1|600|1556|0000000009|0,00|0,00|0,00|0,00|0,00|0,00|0|03||0,00|0,00|0,00|70|51,32|0,0000|0,000|0,0000|0,00|70|51,32|0,0000|0,000|0,0000|0,00||0,00|
|C170|009|05021351||200,00000|UN|45,34|0,00|1|100|1556|0000000009|0,00|0,00|0,00|0,00|0,00|0,00|0|49||0,00|15,00|0,00|70|45,34|0,0000|0,000|0,0000|0,00|70|45,34|0,0000|0,000|0,0000|0,00||0,00|
|C170|010|0502161||200,00000|UN|79,72|0,00|1|100|1556|0000000009|0,00|0,00|0,00|0,00|0,00|0,00|0|49||0,00|15,00|0,00|70|79,72|0,0000|0,000|0,0000|0,00|70|79,72|0,0000|0,000|0,0000|0,00||0,00|
|C170|011|071469 032||5,00000|UN|29,16|0,00|1|000|1556|0000000009|0,00|0,00|0,00|0,00|0,00|0,00|0|03||0,00|0,00|0,00|70|29,16|0,0000|0,000|0,0000|0,00|70|29,16|0,0000|0,000|0,0000|0,00||0,00|
|C170|012|0893261500||2,00000|UN|144,03|0,00|1|000|1556|0000000009|0,00|0,00|0,00|0,00|0,00|0,00|0|03||0,00|0,00|0,00|70|81,24|0,0000|0,000|0,0000|0,00|70|81,24|0,0000|0,000|0,0000|0,00||0,00|
|C190|000|1556|0,00|236,85|0,00|0,00|0,00|0,00|0,00|0,00||
|C190|060|1556|0,00|54,71|0,00|0,00|0,00|0,00|0,00|0,00||
|C190|100|1556|0,00|246,45|0,00|0,00|0,00|0,00|0,00|0,00||
|C190|600|1556|0,00|1228,35|0,00|0,00|0,00|0,00|0,00|0,00||
|C100|0|1|6028|55|00|1|000557624|43190142150391001061550010005576241589763000|08012019|08012019|82702,26|2|0,00|0,00|78764,06|0|0,00|0,00|0,00|78764,06|9451,69|0,00|0,00|3938,20|0,00|0,00|0,00|0,00|
|C170|001|EB853/72 PL14||12,37500|TO|78764,06|0,00|1|500|2101|0000000002|78764,06|12,00|9451,69|0,00|0,00|0,00|0|00||78764,06|5,00|3938,20|70|78764,06|0,0000|0,000|0,0000|0,00|70|78764,06|0,0000|0,000|0,0000|0,00||0,00|
|C190|500|2101|12,00|82702,26|78764,06|9451,69|0,00|0,00|0,00|3938,20||
|C100|0|1|70043|55|00|1|001008937|43190142150391003781550010010089371621337511|08012019|08012019|14879,46|2|0,00|0,00|14170,91|0|0,00|0,00|0,00|14170,91|1700,51|0,00|0,00|708,55|0,00|0,00|0,00|0,00|
|C170|001|SGM9450F PL14||1,37500|TO|14170,91|0,00|1|500|2101|0000000001|14170,91|12,00|1700,51|0,00|0,00|0,00|0|00||14170,91|5,00|708,55|70|14170,91|0,0000|0,000|0,0000|0,00|70|14170,91|0,0000|0,000|0,0000|0,00||0,00|
|C190|500|2101|12,00|14879,46|14170,91|1700,51|0,00|0,00|0,00|708,55||
|C100|1|0|4CH0O3IEN|55|00|1|000041130|35190171780456000160550010000411301005118126|02012019|02012019|125,00|2|0,00|0,00|125,00|0|0,00|0,00|0,00|0,00|0,00|0,00|0,00|0,00|0,00|0,00|0,00|0,00|
|C190|041|5920|0,00|125,00|0,00|0,00|0,00|0,00|0,00|0,00||
|C100|1|0|4CH0O3IEN|55|00|1|000041131|35190171780456000160550010000411311005118131|02012019|02012019|150,00|2|0,00|0,00|150,00|0|0,00|0,00|0,00|0,00|0,00|0,00|0,00|0,00|0,00|0,00|0,00|0,00|
|C190|041|5920|0,00|150,00|0,00|0,00|0,00|0,00|0,00|0,00||
|C100|1|0|1996|55|00|1|000041132|35190171780456000160550010000411321005118147|02012019|02012019|2190,00|2|0,00|0,00|2190,00|1|0,00|0,00|0,00|0,00|0,00|0,00|0,00|0,00|0,00|0,00|0,00|0,00|
|C190|040|5901|0,00|2190,00|0,00|0,00|0,00|0,00|0,00|0,00||
|C100|1|0|4JG0HZ65V|55|00|1|000041133|35190171780456000160550010000411331005118152|02012019|02012019|1004,00|2|0,00|0,00|1004,00|1|0,00|0,00|0,00|1004,00|180,72|0,00|0,00|0,00|6,52|30,12|0,00|0,00|
|C190|000|5101|18,00|1004,00|1004,00|180,72|0,00|0,00|0,00|0,00||
|C100|1|0|4JG0HZ65V|55|00|1|000041134|35190171780456000160550010000411341005118168|02012019|02012019|210,00|2|0,00|0,00|210,00|0|0,00|0,00|0,00|0,00|0,00|0,00|0,00|0,00|0,00|0,00|0,00|0,00|
|C190|090|5921|0,00|210,00|0,00|0,00|0,00|0,00|0,00|0,00||
|C100|1|0|2075|55|00|1|000041135|35190171780456000160550010000411351005118173|03012019|03012019|2908,19|2|0,00|0,00|2769,70|1|0,00|0,00|0,00|2769,70|498,55|0,00|0,00|138,49|18,00|83,09|0,00|0,00|
|C190|000|5101|18,00|2908,19|2769,70|498,55|0,00|0,00|0,00|138,49||
|C100|1|0|2075|55|00|1|000041136|35190171780456000160550010000411361005118189|03012019|03012019|4171,47|2|0,00|0,00|4171,47|1|0,00|0,00|0,00|0,00|0,00|0,00|0,00|0,00|12,15|56,07|0,00|0,00|
|C190|090|5124|0,00|1869,12|0,00|0,00|0,00|0,00|0,00|0,00||
|C190|090|5902|0,00|2302,35|0,00|0,00|0,00|0,00|0,00|0,00||
|C100|1|0|1996|55|00|1|000041137|35190171780456000160550010000411371005118194|03012019|03012019|3680,00|2|0,00|0,00|3680,00|1|0,00|0,00|0,00|0,00|0,00|0,00|0,00|0,00|0,00|0,00|0,00|0,00|
|C190|040|5901|0,00|3680,00|0,00|0,00|0,00|0,00|0,00|0,00||
|C100|1|0|43D0KK88V|55|00|1|000041138|35190171780456000160550010000411381005118205|04012019|04012019|3646,42|2|0,00|0,00|3170,80|0|0,00|0,00|0,00|3170,80|570,74|0,00|0,00|475,62|20,61|95,12|0,00|0,00|
|C190|000|5101|18,00|3646,42|3170,80|570,74|0,00|0,00|0,00|475,62||
|C100|1|0|1342|55|00|1|000041139|35190171780456000160550010000411391005118210|04012019|04012019|8268,26|2|0,00|0,00|8268,26|0|0,00|0,00|0,00|8268,26|1488,29|0,00|0,00|0,00|53,74|248,05|0,00|0,00|
|C190|000|5101|18,00|8268,26|8268,26|1488,29|0,00|0,00|0,00|0,00||
|C100|1|0|4ET0Y3F9T|55|00|1|000041140|35190171780456000160550010000411401005118220|04012019|04012019|23598,00|2|0,00|0,00|20520,00|1|0,00|0,00|0,00|20520,00|2462,40|0,00|0,00|3078,00|133,38|615,60|0,00|0,00|
|C190|000|6101|12,00|23598,00|20520,00|2462,40|0,00|0,00|0,00|3078,00||
|C100|1|0|47H0V1QR6|55|00|1|000041141|35190171780456000160550010000411411005118235|04012019|04012019|4884,74|2|0,00|0,00|4247,60|0|0,00|0,00|0,00|4247,60|764,57|0,00|0,00|637,14|27,61|127,43|0,00|0,00|
|C190|000|5101|18,00|4884,74|4247,60|764,57|0,00|0,00|0,00|637,14||
|C100|1|0|4MX0NN6H6|55|00|1|000041142|35190171780456000160550010000411421005118240|04012019|04012019|3536,25|2|0,00|0,00|3075,00|0|0,00|0,00|0,00|3075,00|553,50|0,00|0,00|461,25|19,99|92,25|0,00|0,00|
|C190|000|5101|18,00|3536,25|3075,00|553,50|0,00|0,00|0,00|461,25||
|C100|1|0|1992|55|00|1|000041143|35190171780456000160550010000411431005118256|04012019|04012019|13989,00|2|0,00|0,00|13989,00|0|0,00|0,00|0,00|0,00|0,00|0,00|0,00|0,00|21,18|97,77|0,00|0,00|
|C190|041|5124|0,00|40,00|0,00|0,00|0,00|0,00|0,00|0,00||
|C190|090|5124|0,00|3219,00|0,00|0,00|0,00|0,00|0,00|0,00||
|C190|090|5902|0,00|10730,00|0,00|0,00|0,00|0,00|0,00|0,00||
|C100|1|0|1687|55|00|1|000041144|35190171780456000160550010000411441005118261|04012019|04012019|517,50|2|0,00|0,00|450,00|1|0,00|0,00|0,00|450,00|81,00|0,00|0,00|67,50|2,93|13,50|0,00|0,00|
|C190|000|5101|18,00|517,50|450,00|81,00|0,00|0,00|0,00|67,50||
|C100|1|0|4760HCDPS|55|00|1|000041145|35190171780456000160550010000411451005118277|04012019|04012019|15525,80|2|0,00|0,00|15525,80|1|0,00|0,00|0,00|15525,80|1863,10|0,00|0,00|0,00|100,92|465,77|0,00|0,00|
|C190|000|6101|12,00|15525,80|15525,80|1863,10|0,00|0,00|0,00|0,00||
|C100|1|0|4TR0SNCF8|55|00|1|000041146|35190171780456000160550010000411461005118282|04012019|04012019|6665,40|2|0,00|0,00|5796,00|0|0,00|0,00|0,00|5796,00|1043,28|0,00|0,00|869,40|37,67|173,88|0,00|0,00|
|C190|000|5101|18,00|6665,40|5796,00|1043,28|0,00|0,00|0,00|869,40||
|C100|1|0|1531|55|00|1|000041147|35190171780456000160550010000411471005118298|04012019|04012019|1986,05|2|0,00|0,00|1727,00|2|0,00|0,00|0,00|1727,00|310,86|0,00|0,00|259,05|11,23|51,81|0,00|0,00|
|C190|000|5101|18,00|1986,05|1727,00|310,86|0,00|0,00|0,00|259,05||
|C100|1|0|1531|55|00|1|000041148|35190171780456000160550010000411481005118309|04012019|04012019|5382,00|2|0,00|0,00|4680,00|1|0,00|0,00|0,00|4680,00|842,40|0,00|0,00|702,00|30,42|140,40|0,00|0,00|
|C190|000|5101|18,00|5382,00|4680,00|842,40|0,00|0,00|0,00|702,00||
|C100|1|0|2190|55|00|1|000041149|35190171780456000160550010000411491005118314|04012019|04012019|11448,31|2|0,00|0,00|11392,96|0|0,00|0,00|55,35|0,00|0,00|0,00|0,00|0,00|0,00|0,00|0,00|0,00|
|C190|090|6919|0,00|11448,31|0,00|0,00|0,00|0,00|0,00|0,00||
|C100|1|0|3Y60XKT3T|55|00|1|000041150|35190171780456000160550010000411501005118323|07012019|07012019|3999,60|2|0,00|0,00|3999,60|0|0,00|0,00|0,00|0,00|0,00|0,00|0,00|0,00|6,30|29,09|0,00|0,00|
|C190|090|5124|0,00|969,60|0,00|0,00|0,00|0,00|0,00|0,00||
|C190|090|5902|0,00|3030,00|0,00|0,00|0,00|0,00|0,00|0,00||
|C100|1|0|5840I9M4Z|55|00|1|000041151|35190171780456000160550010000411511005118339|07012019|07012019|16176,00|2|0,00|0,00|16176,00|1|0,00|0,00|0,00|16176,00|1941,12|0,00|0,00|0,00|105,14|485,28|0,00|0,00|
|C190|000|6101|12,00|16176,00|16176,00|1941,12|0,00|0,00|0,00|0,00||
|C100|1|0|1531|55|00|1|000041152|35190171780456000160550010000411521005118344|07012019|07012019|19306,32|2|0,00|0,00|16788,10|1|0,00|0,00|0,00|16788,10|3021,86|0,00|0,00|2518,22|109,12|503,64|0,00|0,00|
|C190|000|5101|18,00|19306,32|16788,10|3021,86|0,00|0,00|0,00|2518,22||
|C100|1|0||55|02|1|000041153|35190171780456000160550010000411531005118350|||||||||||||||||||||
|C100|1|0|1531|55|00|1|000041154|35190171780456000160550010000411541005118365|07012019|07012019|4967,14|2|0,00|0,00|4319,25|1|0,00|0,00|0,00|4319,25|777,47|0,00|0,00|647,89|28,08|129,58|0,00|0,00|
|C190|000|5101|18,00|4967,14|4319,25|777,47|0,00|0,00|0,00|647,89||
|C100|1|0|4ET0Y3F9T|55|00|1|000041155|35190171780456000160550010000411551005118370|07012019|07012019|21362,40|2|0,00|0,00|18576,00|1|0,00|0,00|0,00|18576,00|2229,12|0,00|0,00|2786,40|120,74|557,28|0,00|0,00|
|C190|000|6101|12,00|21362,40|18576,00|2229,12|0,00|0,00|0,00|2786,40||
|C100|1|0|1691|55|00|1|000041156|35190171780456000160550010000411561005118386|07012019|07012019|4091,48|2|0,00|0,00|4091,48|2|0,00|0,00|0,00|4091,48|736,47|0,00|0,00|0,00|26,61|122,75|0,00|0,00|
|C190|000|5101|18,00|4091,48|4091,48|736,47|0,00|0,00|0,00|0,00||
|C100|1|0|4JG0HZ65V|55|00|1|000041157|35190171780456000160550010000411571005118391|07012019|07012019|1791,00|2|0,00|0,00|1791,00|1|0,00|0,00|0,00|1791,00|322,38|0,00|0,00|0,00|11,65|53,73|0,00|0,00|
|C190|000|5101|18,00|1791,00|1791,00|322,38|0,00|0,00|0,00|0,00||
|C100|1|0|4JG0HZ65V|55|00|1|000041158|35190171780456000160550010000411581005118402|07012019|07012019|5850,00|2|0,00|0,00|5850,00|1|0,00|0,00|0,00|0,00|0,00|0,00|0,00|0,00|0,00|0,00|0,00|0,00|
|C190|090|5921|0,00|5850,00|0,00|0,00|0,00|0,00|0,00|0,00||
|C100|1|0|3VR0Y96YQ|55|00|1|000041159|35190171780456000160550010000411591005118418|08012019|08012019|31201,16|2|0,00|0,00|27131,44|0|0,00|0,00|0,00|27131,44|4883,66|0,00|0,00|4069,72|176,35|813,94|0,00|0,00|
|C190|000|5101|18,00|31201,16|27131,44|4883,66|0,00|0,00|0,00|4069,72||
|C100|1|0|1531|55|00|1|000041160|35190171780456000160550010000411601005118427|08012019|08012019|6244,47|2|0,00|0,00|5429,97|1|0,00|0,00|0,00|5429,97|977,39|0,00|0,00|814,50|35,30|162,90|0,00|0,00|
|C190|000|5101|18,00|6244,47|5429,97|977,39|0,00|0,00|0,00|814,50||
|C100|1|0|1531|55|00|1|000041161|35190171780456000160550010000411611005118432|08012019|08012019|2576,00|2|0,00|0,00|2240,00|1|0,00|0,00|0,00|2240,00|403,20|0,00|0,00|336,00|14,56|67,20|0,00|0,00|
|C190|000|5101|18,00|2576,00|2240,00|403,20|0,00|0,00|0,00|336,00||
|C100|1|0|1531|55|00|1|000041162|35190171780456000160550010000411621005118448|08012019|08012019|4575,99|2|0,00|0,00|3979,12|1|0,00|0,00|0,00|3979,12|716,24|0,00|0,00|596,87|25,86|119,37|0,00|0,00|
|C190|000|5101|18,00|4575,99|3979,12|716,24|0,00|0,00|0,00|596,87||
|C100|1|0|1531|55|00|1|000041163|35190171780456000160550010000411631005118453|08012019|08012019|7738,72|2|0,00|0,00|6729,32|1|0,00|0,00|0,00|6729,32|1211,28|0,00|0,00|1009,40|43,75|201,88|0,00|0,00|
|C190|000|5101|18,00|7738,72|6729,32|1211,28|0,00|0,00|0,00|1009,40||
|C100|1|0|1531|55|00|1|000041164|35190171780456000160550010000411641005118469|08012019|08012019|6858,60|2|0,00|0,00|5964,00|1|0,00|0,00|0,00|5964,00|1073,52|0,00|0,00|894,60|38,77|178,92|0,00|0,00|
|C190|000|5101|18,00|6858,60|5964,00|1073,52|0,00|0,00|0,00|894,60||
|C100|1|0|1531|55|00|1|000041165|35190171780456000160550010000411651005118474|08012019|08012019|2235,60|2|0,00|0,00|1944,00|1|0,00|0,00|0,00|1944,00|349,92|0,00|0,00|291,60|12,64|58,32|0,00|0,00|
|C190|000|5101|18,00|2235,60|1944,00|349,92|0,00|0,00|0,00|291,60||
|C100|1|0|1535|55|00|1|000041166|35190171780456000160550010000411661005118480|08012019|08012019|2866,49|2|0,00|0,00|2492,60|1|0,00|0,00|0,00|2492,60|448,67|0,00|0,00|373,89|16,20|74,78|0,00|0,00|
|C190|000|5101|18,00|2866,49|2492,60|448,67|0,00|0,00|0,00|373,89||
|C100|1|0|47H0V1QR6|55|00|1|000041167|35190171780456000160550010000411671005118495|08012019|08012019|598,00|2|0,00|0,00|520,00|0|0,00|0,00|0,00|520,00|93,60|0,00|0,00|78,00|3,38|15,60|0,00|0,00|
|C190|000|5101|18,00|598,00|520,00|93,60|0,00|0,00|0,00|78,00||
|C100|1|0|2075|55|00|1|000041168|35190171780456000160550010000411681005118506|08012019|08012019|1875,00|2|0,00|0,00|1875,00|9|0,00|0,00|0,00|0,00|0,00|0,00|0,00|0,00|0,00|0,00|0,00|0,00|
|C190|040|5901|0,00|1875,00|0,00|0,00|0,00|0,00|0,00|0,00||
|C100|1|0|2075|55|00|1|000041169|35190171780456000160550010000411691005118511|08012019|08012019|13213,20|2|0,00|0,00|13213,20|1|0,00|0,00|0,00|0,00|0,00|0,00|0,00|0,00|38,44|177,41|0,00|0,00|
|C190|090|5124|0,00|5913,60|0,00|0,00|0,00|0,00|0,00|0,00||
|C190|090|5902|0,00|7299,60|0,00|0,00|0,00|0,00|0,00|0,00||
|C100|1|0|1249|55|00|1|000041170|35190171780456000160550010000411701005118520|08012019|08012019|2760,00|2|0,00|0,00|2400,00|0|0,00|0,00|0,00|2400,00|432,00|0,00|0,00|360,00|15,60|72,00|0,00|0,00|
|C190|000|5101|18,00|2760,00|2400,00|432,00|0,00|0,00|0,00|360,00||
|C100|1|0|1965|55|00|1|000041171|35190171780456000160550010000411711005118536|08012019|08012019|7927,07|2|0,00|0,00|6893,10|0|0,00|0,00|0,00|6893,10|1240,76|0,00|0,00|1033,97|44,81|206,79|0,00|0,00|
|C190|000|5101|18,00|7927,07|6893,10|1240,76|0,00|0,00|0,00|1033,97||
|C100|1|0|4JG0HZ65V|55|00|1|000041172|35190171780456000160550010000411721005118541|08012019|08012019|390,00|2|0,00|0,00|390,00|1|0,00|0,00|0,00|390,00|70,20|0,00|0,00|0,00|2,54|11,70|0,00|0,00|
|C190|000|5101|18,00|390,00|390,00|70,20|0,00|0,00|0,00|0,00||
|C100|1|0|4JG0HZ65V|55|00|1|000041173|35190171780456000160550010000411731005118557|08012019|08012019|252,00|2|0,00|0,00|252,00|1|0,00|0,00|0,00|0,00|0,00|0,00|0,00|0,00|0,00|0,00|0,00|0,00|
|C190|090|5921|0,00|252,00|0,00|0,00|0,00|0,00|0,00|0,00||
|C100|1|0|2630|55|00|1|000041174|35190171780456000160550010000411741005118562|08012019|08012019|8000,00|2|0,00|0,00|8000,00|0|0,00|0,00|0,00|0,00|0,00|0,00|0,00|0,00|0,00|0,00|0,00|0,00|
|C190|041|5921|0,00|8000,00|0,00|0,00|0,00|0,00|0,00|0,00||
|C100|1|0|5840I9DLW|55|00|1|000041175|35190171780456000160550010000411751005118578|09012019|09012019|580,00|2|0,00|0,00|580,00|1|0,00|0,00|0,00|0,00|0,00|0,00|0,00|0,00|3,77|17,40|0,00|0,00|
|C190|090|5101|0,00|580,00|0,00|0,00|0,00|0,00|0,00|0,00||
|C100|1|0|4O70IQ778|55|00|1|000041176|35190171780456000160550010000411761005118583|09012019|09012019|10260,30|2|0,00|0,00|8922,00|0|0,00|0,00|0,00|8922,00|1605,96|0,00|0,00|1338,30|57,99|267,66|0,00|0,00|
|C190|000|5101|18,00|10260,30|8922,00|1605,96|0,00|0,00|0,00|1338,30||
|C100|1|0|2075|55|00|1|000041177|35190171780456000160550010000411771005118599|09012019|09012019|2095,18|2|0,00|0,00|2095,18|1|0,00|0,00|0,00|0,00|0,00|0,00|0,00|0,00|4,10|18,90|0,00|0,00|
|C190|090|5124|0,00|630,00|0,00|0,00|0,00|0,00|0,00|0,00||
|C190|090|5902|0,00|1465,18|0,00|0,00|0,00|0,00|0,00|0,00||
|C100|1|0|2076|55|00|1|000041178|35190171780456000160550010000411781005118600|09012019|09012019|9100,00|2|0,00|0,00|9100,00|1|0,00|0,00|0,00|0,00|0,00|0,00|0,00|0,00|0,00|0,00|0,00|0,00|
|C190|090|5916|0,00|9100,00|0,00|0,00|0,00|0,00|0,00|0,00||
|C100|1|0|42M0N54K9|55|00|1|000041179|35190171780456000160550010000411791005118615|09012019|09012019|9160,94|2|0,00|0,00|7966,03|0|0,00|0,00|0,00|7966,03|1433,88|0,00|0,00|1194,91|51,78|238,98|0,00|0,00|
|C190|000|5101|18,00|9160,94|7966,03|1433,88|0,00|0,00|0,00|1194,91||
|C100|1|0|1685|55|00|1|000041180|35190171780456000160550010000411801005118624|09012019|09012019|22742,40|2|0,00|0,00|19776,00|0|0,00|0,00|0,00|19776,00|3559,68|0,00|0,00|2966,40|128,55|593,28|0,00|0,00|
|C190|000|5101|18,00|22742,40|19776,00|3559,68|0,00|0,00|0,00|2966,40||
|C100|1|0|2621|55|00|1|000041181|35190171780456000160550010000411811005118630|09012019|09012019|3647,28|2|0,00|0,00|3647,28|0|0,00|0,00|0,00|3647,28|656,51|0,00|0,00|0,00|23,70|109,42|0,00|0,00|
|C190|000|5101|18,00|3647,28|3647,28|656,51|0,00|0,00|0,00|0,00||
|C100|1|0|1500|55|00|1|000041182|35190171780456000160550010000411821005118645|09012019|09012019|14767,05|2|0,00|0,00|12840,91|0|0,00|0,00|0,00|12840,91|2311,36|0,00|0,00|1926,14|83,46|385,23|0,00|0,00|
|C190|000|5101|18,00|14767,05|12840,91|2311,36|0,00|0,00|0,00|1926,14||
|C100|1|0|1996|55|00|1|000041183|35190171780456000160550010000411831005118650|09012019|09012019|1920,00|2|0,00|0,00|1920,00|1|0,00|0,00|0,00|0,00|0,00|0,00|0,00|0,00|0,00|0,00|0,00|0,00|
|C190|040|5901|0,00|1920,00|0,00|0,00|0,00|0,00|0,00|0,00||
|C100|1|0|5530MX779|55|00|1|000041184|35190171780456000160550010000411841005118666|09012019|09012019|2990,00|2|0,00|0,00|2600,00|1|0,00|0,00|0,00|2600,00|468,00|0,00|0,00|390,00|16,90|78,00|0,00|0,00|
|C190|000|5101|18,00|2990,00|2600,00|468,00|0,00|0,00|0,00|390,00||
|C100|1|0|3MU0LTNJT|55|00|1|000041185|35190171780456000160550010000411851005118671|09012019|09012019|4836,00|2|0,00|0,00|5200,00|1|0,00|0,00|0,00|0,00|0,00|0,00|0,00|0,00|33,80|156,00|0,00|0,00|
|C190|040|6109|0,00|5200,00|0,00|0,00|0,00|0,00|0,00|0,00||
|C100|1|0|1157|55|00|1|000041186|35190171780456000160550010000411861005118687|09012019|09012019|2125,20|2|0,00|0,00|1848,00|1|0,00|0,00|0,00|1848,00|332,64|0,00|0,00|277,20|12,01|55,44|0,00|0,00|
|C190|000|5101|18,00|2125,20|1848,00|332,64|0,00|0,00|0,00|277,20||
|C100|1|0|1691|55|00|1|000041187|35190171780456000160550010000411871005118692|09012019|09012019|2648,75|2|0,00|0,00|2648,75|1|0,00|0,00|0,00|2648,75|476,79|0,00|0,00|0,00|17,22|79,47|0,00|0,00|
|C190|000|5101|18,00|2648,75|2648,75|476,79|0,00|0,00|0,00|0,00||
|C100|1|0|4JG0HZ65V|55|00|1|000041188|35190171780456000160550010000411881005118703|09012019|09012019|1064,00|2|0,00|0,00|1064,00|1|0,00|0,00|0,00|1064,00|191,52|0,00|0,00|0,00|6,92|31,92|0,00|0,00|
|C190|000|5101|18,00|1064,00|1064,00|191,52|0,00|0,00|0,00|0,00||
|C100|1|0|4JG0HZ65V|55|00|1|000041189|35190171780456000160550010000411891005118719|09012019|09012019|6060,00|2|0,00|0,00|6060,00|1|0,00|0,00|0,00|0,00|0,00|0,00|0,00|0,00|0,00|0,00|0,00|0,00|
|C190|090|5921|0,00|6060,00|0,00|0,00|0,00|0,00|0,00|0,00||
|C100|1|0|40X0V9L5V|55|00|1|000041190|35190171780456000160550010000411901005118728|09012019|09012019|5039,76|2|0,00|0,00|4382,40|1|0,00|0,00|0,00|4382,40|788,83|0,00|0,00|657,36|28,49|131,47|0,00|0,00|
|C190|000|5101|18,00|5039,76|4382,40|788,83|0,00|0,00|0,00|657,36||
|C100|1|0|2493|55|00|1|000041191|35190171780456000160550010000411911005118733|10012019|10012019|6520,50|2|0,00|0,00|5670,00|0|0,00|0,00|0,00|5670,00|1020,60|0,00|0,00|850,50|36,86|170,10|0,00|0,00|
|C190|000|5101|18,00|6520,50|5670,00|1020,60|0,00|0,00|0,00|850,50||
|C100|1|0|1596|55|00|1|000041192|35190171780456000160550010000411921005118749|10012019|10012019|10177,42|2|0,00|0,00|8849,93|0|0,00|0,00|0,00|8849,93|1592,99|0,00|0,00|1327,49|57,52|265,50|0,00|0,00|
|C190|000|5101|18,00|10177,42|8849,93|1592,99|0,00|0,00|0,00|1327,49||
|C100|1|0|002073|55|00|1|000041193|35190171780456000160550010000411931005118754|10012019|10012019|18993,03|2|0,00|0,00|16515,68|0|0,00|0,00|0,00|16515,68|2972,83|0,00|0,00|2477,35|107,36|495,47|0,00|0,00|
|C190|000|5101|18,00|18993,03|16515,68|2972,83|0,00|0,00|0,00|2477,35||
|C100|1|0|436|55|00|1|000041194|35190171780456000160550010000411941005118760|10012019|10012019|1186,00|2|0,00|0,00|1186,00|0|0,00|0,00|0,00|1186,00|213,48|0,00|0,00|0,00|7,71|35,58|0,00|0,00|
|C190|000|5101|18,00|1186,00|1186,00|213,48|0,00|0,00|0,00|0,00||
|C100|1|0|1157|55|00|1|000041195|35190171780456000160550010000411951005118775|10012019|10012019|5412,82|2|0,00|0,00|4706,80|1|0,00|0,00|0,00|4706,80|847,22|0,00|0,00|706,02|30,59|141,20|0,00|0,00|
|C190|000|5101|18,00|5412,82|4706,80|847,22|0,00|0,00|0,00|706,02||
|C100|1|0|4750I4788|55|00|1|000041196|35190171780456000160550010000411961005118780|10012019|10012019|3731,75|2|0,00|0,00|3245,00|1|0,00|0,00|0,00|3245,00|227,15|0,00|0,00|486,75|21,09|97,35|0,00|0,00|
|C190|000|6101|7,00|3731,75|3245,00|227,15|0,00|0,00|0,00|486,75||
|C100|1|0|2620|55|00|1|000041197|35190171780456000160550010000411971005118796|10012019|10012019|781,25|2|0,00|0,00|781,25|0|0,00|0,00|0,00|0,00|0,00|0,00|0,00|0,00|0,00|0,00|0,00|0,00|
|C190|040|5901|0,00|781,25|0,00|0,00|0,00|0,00|0,00|0,00||
|C100|1|0|54B0GJ0AQ|55|00|1|000041198|35190171780456000160550010000411981005118807|10012019|10012019|8846,41|2|0,00|0,00|7692,53|1|0,00|0,00|0,00|7692,53|923,10|0,00|0,00|1153,88|50,00|230,78|0,00|0,00|
|C190|000|6101|12,00|8846,41|7692,53|923,10|0,00|0,00|0,00|1153,88||
|C100|1|0|2075|55|00|1|000041199|35190171780456000160550010000411991005118812|10012019|10012019|330,00|2|0,00|0,00|330,00|0|0,00|0,00|0,00|0,00|0,00|0,00|0,00|0,00|0,00|0,00|0,00|0,00|
|C190|090|5920|0,00|330,00|0,00|0,00|0,00|0,00|0,00|0,00||
|C100|1|0|4RM0ID6UB|55|00|1|000041200|35190171780456000160550010000412001005118823|10012019|10012019|2139,00|2|0,00|0,00|1860,00|0|0,00|0,00|0,00|1860,00|334,80|0,00|0,00|279,00|12,09|55,80|0,00|0,00|
|C190|000|5101|18,00|2139,00|1860,00|334,80|0,00|0,00|0,00|279,00||
|C100|1|0|4JG0HZ65V|55|00|1|000041201|35190171780456000160550010000412011005118839|10012019|10012019|1221,40|2|0,00|0,00|1221,40|1|0,00|0,00|0,00|1221,40|219,85|0,00|0,00|0,00|7,95|36,64|0,00|0,00|
|C190|000|5101|18,00|1221,40|1221,40|219,85|0,00|0,00|0,00|0,00||
|C100|1|0|4JG0HZ65V|55|00|1|000041202|35190171780456000160550010000412021005118844|10012019|10012019|2328,00|2|0,00|0,00|2328,00|1|0,00|0,00|0,00|0,00|0,00|0,00|0,00|0,00|0,00|0,00|0,00|0,00|
|C190|090|5921|0,00|2328,00|0,00|0,00|0,00|0,00|0,00|0,00||
|C100|1|0|1098|55|00|1|000041203|35190171780456000160550010000412031005118850|10012019|10012019|9395,50|2|0,00|0,00|8170,00|1|0,00|0,00|0,00|8170,00|980,40|0,00|0,00|1225,50|53,11|245,10|0,00|0,00|
|C190|000|6101|12,00|9395,50|8170,00|980,40|0,00|0,00|0,00|1225,50||
|C100|1|0|2075|55|00|1|000041204|35190171780456000160550010000412041005118865|10012019|10012019|2453,10|2|0,00|0,00|2453,10|1|0,00|0,00|0,00|0,00|0,00|0,00|0,00|0,00|7,15|33,00|0,00|0,00|
|C190|090|5124|0,00|1100,00|0,00|0,00|0,00|0,00|0,00|0,00||
|C190|090|5902|0,00|1353,10|0,00|0,00|0,00|0,00|0,00|0,00||
|C100|1|0|2075|55|00|1|000041205|35190171780456000160550010000412051005118870|10012019|10012019|6124,00|2|0,00|0,00|6124,00|1|0,00|0,00|0,00|0,00|0,00|0,00|0,00|0,00|28,08|129,60|0,00|0,00|
|C190|090|5124|0,00|4320,00|0,00|0,00|0,00|0,00|0,00|0,00||
|C190|090|5902|0,00|1804,00|0,00|0,00|0,00|0,00|0,00|0,00||
|C100|1|0|3VR0Y96YQ|55|00|1|000041206|35190171780456000160550010000412061005118886|10012019|10012019|10902,28|2|0,00|0,00|9480,24|0|0,00|0,00|0,00|9480,24|1706,44|0,00|0,00|1422,04|61,62|284,41|0,00|0,00|
|C190|000|5101|18,00|10902,28|9480,24|1706,44|0,00|0,00|0,00|1422,04||
|C100|1|0|1996|55|00|1|000041207|35190171780456000160550010000412071005118891|10012019|10012019|2330,00|2|0,00|0,00|2330,00|2|0,00|0,00|0,00|0,00|0,00|0,00|0,00|0,00|0,00|0,00|0,00|0,00|
|C190|040|5901|0,00|2330,00|0,00|0,00|0,00|0,00|0,00|0,00||
|C100|1|0|1261|55|00|1|000041208|35190171780456000160550010000412081005118902|11012019|11012019|5610,00|2|0,00|0,00|5610,00|1|0,00|0,00|0,00|5610,00|1009,80|0,00|0,00|0,00|36,47|168,30|0,00|0,00|
|C190|000|5101|18,00|5610,00|5610,00|1009,80|0,00|0,00|0,00|0,00||
|C100|1|0|1689|55|00|1|000041209|35190171780456000160550010000412091005118918|11012019|11012019|21266,69|2|0,00|0,00|21266,69|0|0,00|0,00|0,00|21266,69|3828,01|0,00|0,00|0,00|138,25|638,01|0,00|0,00|
|C190|000|5101|18,00|21266,69|21266,69|3828,01|0,00|0,00|0,00|0,00||
|C100|1|0|4XD0I9QJ5|55|00|1|000041210|35190171780456000160550010000412101005118927|11012019|11012019|5747,70|2|0,00|0,00|4998,00|0|0,00|0,00|0,00|4998,00|899,64|0,00|0,00|749,70|32,49|149,94|0,00|0,00|
|C190|000|5101|18,00|5747,70|4998,00|899,64|0,00|0,00|0,00|749,70||
|C100|1|0|2075|55|00|1|000041211|35190171780456000160550010000412111005118932|11012019|11012019|16810,56|2|0,00|0,00|16810,56|1|0,00|0,00|0,00|0,00|0,00|0,00|0,00|0,00|18,90|87,23|0,00|0,00|
|C190|090|5124|0,00|2907,50|0,00|0,00|0,00|0,00|0,00|0,00||
|C190|090|5902|0,00|13903,06|0,00|0,00|0,00|0,00|0,00|0,00||
|C100|1|0|4L60OAK02|55|00|1|000041212|35190171780456000160550010000412121005118948|11012019|11012019|5232,50|2|0,00|0,00|4550,00|0|0,00|0,00|0,00|4550,00|819,00|0,00|0,00|682,50|29,58|136,50|0,00|0,00|
|C190|000|5101|18,00|5232,50|4550,00|819,00|0,00|0,00|0,00|682,50||
|C100|1|0|2075|55|00|1|000041213|35190171780456000160550010000412131005118953|11012019|11012019|17171,70|2|0,00|0,00|17171,70|1|0,00|0,00|0,00|0,00|0,00|0,00|0,00|0,00|50,05|231,00|0,00|0,00|
|C190|090|5124|0,00|7700,00|0,00|0,00|0,00|0,00|0,00|0,00||
|C190|090|5902|0,00|9471,70|0,00|0,00|0,00|0,00|0,00|0,00||
|C100|1|0|4JG0HZ65V|55|00|1|000041214|35190171780456000160550010000412141005118969|11012019|11012019|1829,00|2|0,00|0,00|1829,00|1|0,00|0,00|0,00|1829,00|329,22|0,00|0,00|0,00|11,90|54,87|0,00|0,00|
|C190|000|5101|18,00|1829,00|1829,00|329,22|0,00|0,00|0,00|0,00||
|C100|1|0|4JG0HZ65V|55|00|1|000041215|35190171780456000160550010000412151005118974|11012019|11012019|8136,00|2|0,00|0,00|8136,00|1|0,00|0,00|0,00|0,00|0,00|0,00|0,00|0,00|0,00|0,00|0,00|0,00|
|C190|090|5921|0,00|8136,00|0,00|0,00|0,00|0,00|0,00|0,00||
|C100|1|0|2075|55|00|1|000041216|35190171780456000160550010000412161005118980|11012019|11012019|17838,34|2|0,00|0,00|17838,34|1|0,00|0,00|0,00|0,00|0,00|0,00|0,00|0,00|36,92|170,43|0,00|0,00|
|C190|090|5124|0,00|5681,00|0,00|0,00|0,00|0,00|0,00|0,00||
|C190|090|5902|0,00|12157,34|0,00|0,00|0,00|0,00|0,00|0,00||
|C100|1|0|4L60OAK02|55|00|1|000041217|35190171780456000160550010000412171005118995|11012019|11012019|9223,92|2|0,00|0,00|8020,80|0|0,00|0,00|0,00|8020,80|1443,74|0,00|0,00|1203,12|52,14|240,62|0,00|0,00|
|C190|000|5101|18,00|9223,92|8020,80|1443,74|0,00|0,00|0,00|1203,12||
|C100|1|0|4S20KCVWB|55|00|1|000041218|35190171780456000160550010000412181005119000|11012019|11012019|31344,47|2|0,00|0,00|31344,47|0|0,00|0,00|0,00|31344,47|5642,01|0,00|0,00|0,00|203,74|940,34|0,00|0,00|
|C190|000|5101|18,00|31344,47|31344,47|5642,01|0,00|0,00|0,00|0,00||
|C100|1|0|416|55|00|1|000041219|35190171780456000160550010000412191005119015|14012019|14012019|7559,87|2|0,00|0,00|6573,80|0|0,00|0,00|0,00|6573,80|1183,28|0,00|0,00|986,07|42,73|197,21|0,00|0,00|
|C190|000|5101|18,00|7559,87|6573,80|1183,28|0,00|0,00|0,00|986,07||
|C100|1|0|43D0KK88V|55|00|1|000041220|35190171780456000160550010000412201005119024|14012019|14012019|4558,03|2|0,00|0,00|3963,50|0|0,00|0,00|0,00|3963,50|713,43|0,00|0,00|594,53|25,76|118,91|0,00|0,00|
|C190|000|5101|18,00|4558,03|3963,50|713,43|0,00|0,00|0,00|594,53||
|C100|1|0|4CH0O3IEN|55|00|1|000041221|35190171780456000160550010000412211005119030|14012019|14012019|11572,86|2|0,00|0,00|11572,86|0|0,00|0,00|0,00|11572,86|2083,11|0,00|0,00|0,00|75,22|347,19|0,00|0,00|
|C190|000|5101|18,00|11572,86|11572,86|2083,11|0,00|0,00|0,00|0,00||
|C100|1|0|4CH0O3IEN|55|00|1|000041222|35190171780456000160550010000412221005119045|14012019|14012019|50,00|2|0,00|0,00|50,00|0|0,00|0,00|0,00|0,00|0,00|0,00|0,00|0,00|0,00|0,00|0,00|0,00|
|C190|041|5920|0,00|50,00|0,00|0,00|0,00|0,00|0,00|0,00||
|C100|1|0|3VR0Y96YQ|55|00|1|000041223|35190171780456000160550010000412231005119050|14012019|14012019|16576,56|2|0,00|0,00|14414,40|0|0,00|0,00|0,00|14414,40|2594,59|0,00|0,00|2162,16|93,69|432,43|0,00|0,00|
|C190|000|5101|18,00|16576,56|14414,40|2594,59|0,00|0,00|0,00|2162,16||
|C100|1|0|4JG0HZ65V|55|00|1|000041224|35190171780456000160550010000412241005119066|14012019|14012019|1239,00|2|0,00|0,00|1239,00|1|0,00|0,00|0,00|1239,00|223,02|0,00|0,00|0,00|8,06|37,17|0,00|0,00|
|C190|000|5101|18,00|1239,00|1239,00|223,02|0,00|0,00|0,00|0,00||
|C100|1|0|4JG0HZ65V|55|00|1|000041225|35190171780456000160550010000412251005119071|14012019|14012019|7968,00|2|0,00|0,00|7968,00|1|0,00|0,00|0,00|0,00|0,00|0,00|0,00|0,00|0,00|0,00|0,00|0,00|
|C190|090|5921|0,00|7968,00|0,00|0,00|0,00|0,00|0,00|0,00||
|C100|1|0|1691|55|00|1|000041226|35190171780456000160550010000412261005119087|14012019|14012019|9443,50|2|0,00|0,00|9443,50|1|0,00|0,00|0,00|9443,50|1699,83|0,00|0,00|0,00|61,38|283,31|0,00|0,00|
|C190|000|5101|18,00|9443,50|9443,50|1699,83|0,00|0,00|0,00|0,00||
|C100|1|0|5840I9M4Z|55|00|1|000041227|35190171780456000160550010000412271005119092|14012019|14012019|16176,00|2|0,00|0,00|16176,00|1|0,00|0,00|0,00|16176,00|1941,12|0,00|0,00|0,00|105,14|485,28|0,00|0,00|
|C190|000|6101|12,00|16176,00|16176,00|1941,12|0,00|0,00|0,00|0,00||
|C100|1|0|4IU0IFNN4|55|00|1|000041228|35190171780456000160550010000412281005119103|14012019|14012019|5632,70|2|0,00|0,00|4898,00|0|0,00|0,00|0,00|4898,00|881,64|0,00|0,00|734,70|31,84|146,94|0,00|0,00|
|C190|000|5101|18,00|5632,70|4898,00|881,64|0,00|0,00|0,00|734,70||
|C100|1|0|1525|55|00|1|000041229|35190171780456000160550010000412291005119119|15012019|15012019|3310,41|2|0,00|0,00|2878,62|0|0,00|0,00|0,00|2878,62|518,15|0,00|0,00|431,79|18,71|86,35|0,00|0,00|
|C190|000|5101|18,00|3310,41|2878,62|518,15|0,00|0,00|0,00|431,79||
|C100|1|0|48I0H1GCD|55|00|1|000041230|35190171780456000160550010000412301005119128|15012019|15012019|2277,00|2|0,00|0,00|1980,00|1|0,00|0,00|0,00|1980,00|356,40|0,00|0,00|297,00|12,87|59,40|0,00|0,00|
|C190|000|5101|18,00|2277,00|1980,00|356,40|0,00|0,00|0,00|297,00||
|C100|1|0|3O70TJVOJ|55|00|1|000041231|35190171780456000160550010000412311005119133|15012019|15012019|6360,00|2|0,00|0,00|6360,00|0|0,00|0,00|0,00|6360,00|1144,80|0,00|0,00|0,00|41,34|190,80|0,00|0,00|
|C190|000|5101|18,00|6360,00|6360,00|1144,80|0,00|0,00|0,00|0,00||
|C100|1|0|1685|55|00|1|000041232|35190171780456000160550010000412321005119149|15012019|15012019|24940,63|2|0,00|0,00|21687,50|0|0,00|0,00|0,00|21687,50|3903,75|0,00|0,00|3253,13|140,97|650,63|0,00|0,00|
|C190|000|5101|18,00|24940,63|21687,50|3903,75|0,00|0,00|0,00|3253,13||
|C100|1|0|002271|55|00|1|000041233|35190171780456000160550010000412331005119154|15012019|15012019|1173,00|2|0,00|0,00|1020,00|1|0,00|0,00|0,00|1020,00|183,60|0,00|0,00|153,00|6,63|30,60|0,00|0,00|
|C190|000|5101|18,00|1173,00|1020,00|183,60|0,00|0,00|0,00|153,00||
|C100|1|0|1992|55|00|1|000041234|35190171780456000160550010000412341005119160|15012019|15012019|8308,00|2|0,00|0,00|8308,00|0|0,00|0,00|0,00|0,00|0,00|0,00|0,00|0,00|12,66|58,44|0,00|0,00|
|C190|041|5124|0,00|40,00|0,00|0,00|0,00|0,00|0,00|0,00||
|C190|090|5124|0,00|1908,00|0,00|0,00|0,00|0,00|0,00|0,00||
|C190|090|5902|0,00|6360,00|0,00|0,00|0,00|0,00|0,00|0,00||
|C100|1|0|1992|55|00|1|000041235|35190171780456000160550010000412351005119175|15012019|15012019|8594,00|2|0,00|0,00|8594,00|2|0,00|0,00|0,00|0,00|0,00|0,00|0,00|0,00|13,09|60,42|0,00|0,00|
|C190|041|5124|0,00|40,00|0,00|0,00|0,00|0,00|0,00|0,00||
|C190|090|5124|0,00|1974,00|0,00|0,00|0,00|0,00|0,00|0,00||
|C190|090|5902|0,00|6580,00|0,00|0,00|0,00|0,00|0,00|0,00||
|C100|1|0|1992|55|00|1|000041236|35190171780456000160550010000412361005119180|15012019|15012019|2219,75|2|0,00|0,00|2219,75|0|0,00|0,00|0,00|0,00|0,00|0,00|0,00|0,00|3,33|15,37|0,00|0,00|
|C190|090|5124|0,00|512,25|0,00|0,00|0,00|0,00|0,00|0,00||
|C190|090|5902|0,00|1707,50|0,00|0,00|0,00|0,00|0,00|0,00||
|C100|1|0|2473|55|00|1|000041237|35190171780456000160550010000412371005119196|15012019|15012019|299,00|2|0,00|0,00|260,00|1|0,00|0,00|0,00|260,00|46,80|0,00|0,00|39,00|1,69|7,80|0,00|0,00|
|C190|000|5101|18,00|299,00|260,00|46,80|0,00|0,00|0,00|39,00||
|C100|1|0|4RM0ID6UB|55|00|1|000041238|35190171780456000160550010000412381005119207|15012019|15012019|2242,50|2|0,00|0,00|1950,00|0|0,00|0,00|0,00|1950,00|351,00|0,00|0,00|292,50|12,68|58,50|0,00|0,00|
|C190|000|5101|18,00|2242,50|1950,00|351,00|0,00|0,00|0,00|292,50||
|C100|1|0|4JG0HZ65V|55|00|1|000041239|35190171780456000160550010000412391005119212|15012019|15012019|2093,00|2|0,00|0,00|2093,00|1|0,00|0,00|0,00|2093,00|376,74|0,00|0,00|0,00|13,60|62,79|0,00|0,00|
|C190|000|5101|18,00|2093,00|2093,00|376,74|0,00|0,00|0,00|0,00||
|C100|1|0|4JG0HZ65V|55|00|1|000041240|35190171780456000160550010000412401005119221|15012019|15012019|8262,00|2|0,00|0,00|8262,00|1|0,00|0,00|0,00|0,00|0,00|0,00|0,00|0,00|0,00|0,00|0,00|0,00|
|C190|090|5921|0,00|8262,00|0,00|0,00|0,00|0,00|0,00|0,00||
|C100|1|0|1996|55|00|1|000041241|35190171780456000160550010000412411005119237|15012019|15012019|1910,00|2|0,00|0,00|1910,00|1|0,00|0,00|0,00|0,00|0,00|0,00|0,00|0,00|0,00|0,00|0,00|0,00|
|C190|040|5901|0,00|1910,00|0,00|0,00|0,00|0,00|0,00|0,00||
|C100|1|0|1401|55|00|1|000041242|35190171780456000160550010000412421005119242|15012019|15012019|1911,00|2|0,00|0,00|1911,00|1|0,00|0,00|0,00|1911,00|343,98|0,00|0,00|0,00|12,42|57,33|0,00|0,00|
|C190|000|5101|18,00|1911,00|1911,00|343,98|0,00|0,00|0,00|0,00||
|C100|1|0|2497|55|00|1|000041243|35190171780456000160550010000412431005119258|15012019|15012019|10091,71|2|0,00|0,00|8775,40|1|0,00|0,00|0,00|8775,40|1579,57|0,00|0,00|1316,31|57,04|263,26|0,00|0,00|
|C190|000|5101|18,00|10091,71|8775,40|1579,57|0,00|0,00|0,00|1316,31||
|C100|1|0|3PE0XRH6L|55|00|1|000041244|35190171780456000160550010000412441005119263|15012019|15012019|3201,60|2|0,00|0,00|2784,00|1|0,00|0,00|0,00|2784,00|334,08|0,00|0,00|417,60|18,10|83,52|0,00|0,00|
|C190|000|6101|12,00|3201,60|2784,00|334,08|0,00|0,00|0,00|417,60||
|C100|1|0|3PE0XRH6L|55|00|1|000041245|35190171780456000160550010000412451005119279|15012019|15012019|1722,70|2|0,00|0,00|1498,00|1|0,00|0,00|0,00|1498,00|179,76|0,00|0,00|224,70|9,74|44,94|0,00|0,00|
|C190|000|6101|12,00|1722,70|1498,00|179,76|0,00|0,00|0,00|224,70||
|C100|1|0|3PE0XRH6L|55|00|1|000041246|35190171780456000160550010000412461005119284|15012019|15012019|2003,30|2|0,00|0,00|1742,00|1|0,00|0,00|0,00|1742,00|209,04|0,00|0,00|261,30|11,32|52,26|0,00|0,00|
|C190|000|6101|12,00|2003,30|1742,00|209,04|0,00|0,00|0,00|261,30||
|C100|1|0|415|55|00|1|000041247|35190171780456000160550010000412471005119290|15012019|15012019|4034,43|2|0,00|0,00|4034,43|0|0,00|0,00|0,00|4034,43|726,20|0,00|0,00|0,00|26,22|121,03|0,00|0,00|
|C190|000|5101|18,00|4034,43|4034,43|726,20|0,00|0,00|0,00|0,00||
|C100|1|0|903|55|00|1|000041248|35190171780456000160550010000412481005119300|16012019|16012019|2000,00|2|0,00|0,00|2000,00|0|0,00|0,00|0,00|0,00|0,00|0,00|0,00|0,00|0,00|0,00|0,00|0,00|
|C190|090|5915|0,00|2000,00|0,00|0,00|0,00|0,00|0,00|0,00||
|C100|1|0|57M0JDDN7|55|00|1|000041249|35190171780456000160550010000412491005119316|16012019|16012019|1932,00|2|0,00|0,00|1680,00|0|0,00|0,00|0,00|1680,00|302,40|0,00|0,00|252,00|10,92|50,40|0,00|0,00|
|C190|000|5101|18,00|1932,00|1680,00|302,40|0,00|0,00|0,00|252,00||
|C100|1|0|3VR0Y982T|55|00|1|000041250|35190171780456000160550010000412501005119325|16012019|16012019|4152,08|2|0,00|0,00|3610,50|1|0,00|0,00|0,00|3610,50|649,89|0,00|0,00|541,58|23,47|108,32|0,00|0,00|
|C190|000|5101|18,00|4152,08|3610,50|649,89|0,00|0,00|0,00|541,58||
|C100|1|0|4CH0O3IEN|55|00|1|000041251|35190171780456000160550010000412511005119330|16012019|16012019|13238,18|2|0,00|0,00|13238,18|0|0,00|0,00|0,00|13238,18|2382,87|0,00|0,00|0,00|86,05|397,15|0,00|0,00|
|C190|000|5101|18,00|13238,18|13238,18|2382,87|0,00|0,00|0,00|0,00||
|C100|1|0|4WC0JFCZ2|55|00|1|000041252|35190171780456000160550010000412521005119346|16012019|16012019|9328,00|2|0,00|0,00|9328,00|1|0,00|0,00|0,00|9328,00|652,96|0,00|0,00|0,00|60,63|279,84|0,00|0,00|
|C190|000|6101|7,00|9328,00|9328,00|652,96|0,00|0,00|0,00|0,00||
|C100|1|0|4150T3P9Y|55|00|1|000041253|35190171780456000160550010000412531005119351|16012019|16012019|8316,00|2|0,00|0,00|8316,00|1|0,00|0,00|0,00|8316,00|582,12|0,00|0,00|0,00|54,05|249,48|0,00|0,00|
|C190|000|6101|7,00|8316,00|8316,00|582,12|0,00|0,00|0,00|0,00||
|C100|1|0|4M00N3BWC|55|00|1|000041254|35190171780456000160550010000412541005119367|16012019|16012019|2628,00|2|0,00|0,00|2628,00|1|0,00|0,00|0,00|2628,00|183,96|0,00|0,00|0,00|17,08|78,84|0,00|0,00|
|C190|000|6101|7,00|2628,00|2628,00|183,96|0,00|0,00|0,00|0,00||
|C100|1|0|1029|55|00|1|000041255|35190171780456000160550010000412551005119372|16012019|16012019|3852,50|2|0,00|0,00|3350,00|0|0,00|0,00|0,00|3350,00|603,00|0,00|0,00|502,50|21,78|100,50|0,00|0,00|
|C190|000|5101|18,00|3852,50|3350,00|603,00|0,00|0,00|0,00|502,50||
|C100|1|0|1690|55|00|1|000041256|35190171780456000160550010000412561005119388|16012019|16012019|3795,00|2|0,00|0,00|3300,00|0|0,00|0,00|0,00|3795,00|683,10|0,00|0,00|495,00|21,45|99,00|0,00|0,00|
|C190|000|5101|18,00|3795,00|3795,00|683,10|0,00|0,00|0,00|495,00||
|C100|1|0|1029|55|00|1|000041257|35190171780456000160550010000412571005119393|16012019|16012019|2661,59|2|0,00|0,00|2314,43|0|0,00|0,00|0,00|2314,43|416,60|0,00|0,00|347,16|15,04|69,43|0,00|0,00|
|C190|000|5101|18,00|2661,59|2314,43|416,60|0,00|0,00|0,00|347,16||
|C100|1|0|4SU0SJYKM|55|00|1|000041258|35190171780456000160550010000412581005119404|16012019|16012019|25,93|2|0,00|0,00|22,55|0|0,00|0,00|0,00|22,55|4,06|0,00|0,00|3,38|0,00|0,00|0,00|0,00|
|C190|000|5911|18,00|25,93|22,55|4,06|0,00|0,00|0,00|3,38||
|C100|1|0|2075|55|00|1|000041259|35190171780456000160550010000412591005119410|16012019|16012019|699,08|2|0,00|0,00|699,08|1|0,00|0,00|0,00|0,00|0,00|0,00|0,00|0,00|1,37|6,30|0,00|0,00|
|C190|090|5124|0,00|210,00|0,00|0,00|0,00|0,00|0,00|0,00||
|C190|090|5902|0,00|489,08|0,00|0,00|0,00|0,00|0,00|0,00||
|C100|1|0|2075|55|00|1|000041260|35190171780456000160550010000412601005119429|16012019|16012019|2255,28|2|0,00|0,00|2255,28|1|0,00|0,00|0,00|0,00|0,00|0,00|0,00|0,00|4,10|18,90|0,00|0,00|
|C190|090|5124|0,00|630,00|0,00|0,00|0,00|0,00|0,00|0,00||
|C190|090|5902|0,00|1625,28|0,00|0,00|0,00|0,00|0,00|0,00||
|C100|1|0|4SU0SJYKM|55|00|1|000041261|35190171780456000160550010000412611005119434|16012019|16012019|877,00|2|0,00|0,00|877,00|1|0,00|0,00|0,00|877,00|157,86|0,00|0,00|0,00|5,70|26,31|0,00|0,00|
|C190|000|5101|18,00|877,00|877,00|157,86|0,00|0,00|0,00|0,00||
|C100|1|0|4JG0HZ65V|55|00|1|000041262|35190171780456000160550010000412621005119440|16012019|16012019|3040,00|2|0,00|0,00|3040,00|1|0,00|0,00|0,00|3040,00|547,20|0,00|0,00|0,00|19,78|91,20|0,00|0,00|
|C190|000|5101|18,00|3040,00|3040,00|547,20|0,00|0,00|0,00|0,00||
|C100|1|0|4JG0HZ65V|55|00|1|000041263|35190171780456000160550010000412631005119455|16012019|16012019|10548,00|2|0,00|0,00|10548,00|1|0,00|0,00|0,00|0,00|0,00|0,00|0,00|0,00|0,00|0,00|0,00|0,00|
|C190|090|5921|0,00|10548,00|0,00|0,00|0,00|0,00|0,00|0,00||
|C100|1|0|1691|55|00|1|000041264|35190171780456000160550010000412641005119460|16012019|16012019|10624,50|2|0,00|0,00|10624,50|1|0,00|0,00|0,00|10624,50|1912,42|0,00|0,00|0,00|69,07|318,75|0,00|0,00|
|C190|000|5101|18,00|10624,50|10624,50|1912,42|0,00|0,00|0,00|0,00||
|C100|1|0|573|55|00|1|000041265|35190171780456000160550010000412651005119476|17012019|17012019|3898,50|2|0,00|0,00|3390,00|0|0,00|0,00|0,00|3390,00|610,20|0,00|0,00|508,50|22,04|101,70|0,00|0,00|
|C190|000|5101|18,00|3898,50|3390,00|610,20|0,00|0,00|0,00|508,50||
|C100|1|0|3VR0Y982T|55|00|1|000041266|35190171780456000160550010000412661005119481|17012019|17012019|1023,85|2|0,00|0,00|890,30|0|0,00|0,00|0,00|890,30|160,25|0,00|0,00|133,55|5,79|26,71|0,00|0,00|
|C190|000|5101|18,00|1023,85|890,30|160,25|0,00|0,00|0,00|133,55||
|C100|1|0|3PE0XRH6L|55|00|1|000041267|35190171780456000160550010000412671005119497|17012019|17012019|8455,38|2|0,00|0,00|7352,50|1|0,00|0,00|0,00|7352,50|882,30|0,00|0,00|1102,88|47,79|220,58|0,00|0,00|
|C190|000|6101|12,00|8455,38|7352,50|882,30|0,00|0,00|0,00|1102,88||
|C100|1|0|4O70IQ778|55|00|1|000041268|35190171780456000160550010000412681005119508|17012019|17012019|5486,08|2|0,00|0,00|4770,50|0|0,00|0,00|0,00|4770,50|858,69|0,00|0,00|715,58|31,01|143,12|0,00|0,00|
|C190|000|5101|18,00|5486,08|4770,50|858,69|0,00|0,00|0,00|715,58||
|C100|1|0|002146|55|00|1|000041269|35190171780456000160550010000412691005119513|17012019|17012019|37559,04|2|0,00|0,00|32660,04|0|0,00|0,00|0,00|32660,04|5878,81|0,00|0,00|4899,00|212,28|979,81|0,00|0,00|
|C190|000|5101|18,00|37559,04|32660,04|5878,81|0,00|0,00|0,00|4899,00||
|C100|1|0|2459|55|00|1|000041270|35190171780456000160550010000412701005119522|17012019|17012019|465,75|2|0,00|0,00|405,00|0|0,00|0,00|0,00|405,00|72,90|0,00|0,00|60,75|2,63|12,15|0,00|0,00|
|C190|000|5101|18,00|465,75|405,00|72,90|0,00|0,00|0,00|60,75||
|C100|1|0|5CM0YOGMH|55|00|1|000041271|35190171780456000160550010000412711005119538|17012019|17012019|1053,40|2|0,00|0,00|916,00|1|0,00|0,00|0,00|916,00|109,92|0,00|0,00|137,40|5,95|27,48|0,00|0,00|
|C190|000|6101|12,00|1053,40|916,00|109,92|0,00|0,00|0,00|137,40||
|C100|1|0|52E0SYOLP|55|00|1|000041272|35190171780456000160550010000412721005119543|17012019|17012019|526,70|2|0,00|0,00|458,00|1|0,00|0,00|0,00|458,00|54,96|0,00|0,00|68,70|2,98|13,74|0,00|0,00|
|C190|000|6101|12,00|526,70|458,00|54,96|0,00|0,00|0,00|68,70||
|C100|1|0|1098|55|00|1|000041273|35190171780456000160550010000412731005119559|17012019|17012019|7249,60|2|0,00|0,00|6304,00|1|0,00|0,00|0,00|6304,00|756,48|0,00|0,00|945,60|40,98|189,12|0,00|0,00|
|C190|000|6101|12,00|7249,60|6304,00|756,48|0,00|0,00|0,00|945,60||
|C100|1|0|1035|55|00|1|000041274|35190171780456000160550010000412741005119564|17012019|17012019|1725,00|2|0,00|0,00|1500,00|1|0,00|0,00|0,00|1500,00|270,00|0,00|0,00|225,00|9,75|45,00|0,00|0,00|
|C190|000|5101|18,00|1725,00|1500,00|270,00|0,00|0,00|0,00|225,00||
|C100|1|0|2075|55|00|1|000041275|35190171780456000160550010000412751005119570|17012019|17012019|528,00|2|0,00|0,00|528,00|0|0,00|0,00|0,00|0,00|0,00|0,00|0,00|0,00|0,00|0,00|0,00|0,00|
|C190|090|5920|0,00|528,00|0,00|0,00|0,00|0,00|0,00|0,00||
|C100|1|0|2630|55|00|1|000041276|35190171780456000160550010000412761005119585|17012019|17012019|8000,00|2|0,00|0,00|8000,00|0|0,00|0,00|0,00|0,00|0,00|0,00|0,00|0,00|0,00|0,00|0,00|0,00|
|C190|090|5921|0,00|8000,00|0,00|0,00|0,00|0,00|0,00|0,00||
|C100|1|0||55|02|1|000041277|35190171780456000160550010000412771005119590|||||||||||||||||||||
|C100|1|0|1996|55|00|1|000041278|35190171780456000160550010000412781005119601|17012019|17012019|2630,00|2|0,00|0,00|2630,00|1|0,00|0,00|0,00|0,00|0,00|0,00|0,00|0,00|0,00|0,00|0,00|0,00|
|C190|040|5901|0,00|2630,00|0,00|0,00|0,00|0,00|0,00|0,00||
|C100|1|0|4JG0HZ65V|55|00|1|000041279|35190171780456000160550010000412791005119617|17012019|17012019|3995,00|2|0,00|0,00|3995,00|1|0,00|0,00|0,00|3995,00|719,10|0,00|0,00|0,00|25,97|119,85|0,00|0,00|
|C190|000|5101|18,00|3995,00|3995,00|719,10|0,00|0,00|0,00|0,00||
|C100|1|0|4JG0HZ65V|55|00|1|000041280|35190171780456000160550010000412801005119626|17012019|17012019|20004,00|2|0,00|0,00|20004,00|1|0,00|0,00|0,00|0,00|0,00|0,00|0,00|0,00|0,00|0,00|0,00|0,00|
|C190|090|5921|0,00|20004,00|0,00|0,00|0,00|0,00|0,00|0,00||
|C100|1|0|1992|55|00|1|000041281|35190171780456000160550010000412811005119631|18012019|18012019|15864,90|2|0,00|0,00|15864,90|0|0,00|0,00|0,00|0,00|0,00|0,00|0,00|0,00|24,00|110,76|0,00|0,00|
|C190|041|5124|0,00|40,00|0,00|0,00|0,00|0,00|0,00|0,00||
|C190|090|5124|0,00|3651,90|0,00|0,00|0,00|0,00|0,00|0,00||
|C190|090|5902|0,00|12173,00|0,00|0,00|0,00|0,00|0,00|0,00||
|C100|1|0|1992|55|00|1|000041282|35190171780456000160550010000412821005119647|18012019|18012019|9010,00|2|0,00|0,00|9010,00|0|0,00|0,00|0,00|0,00|0,00|0,00|0,00|0,00|13,72|63,30|0,00|0,00|
|C190|041|5124|0,00|40,00|0,00|0,00|0,00|0,00|0,00|0,00||
|C190|090|5124|0,00|2070,00|0,00|0,00|0,00|0,00|0,00|0,00||
|C190|090|5902|0,00|6900,00|0,00|0,00|0,00|0,00|0,00|0,00||
|C100|1|0|4750I4788|55|00|1|000041283|35190171780456000160550010000412831005119652|18012019|18012019|1583,55|2|0,00|0,00|1377,00|1|0,00|0,00|0,00|1377,00|96,39|0,00|0,00|206,55|8,95|41,31|0,00|0,00|
|C190|000|6101|7,00|1583,55|1377,00|96,39|0,00|0,00|0,00|206,55||
|C100|1|0|5EC0HMTU0|55|00|1|000041284|35190171780456000160550010000412841005119668|18012019|18012019|772,00|2|0,00|0,00|772,00|1|0,00|0,00|0,00|772,00|92,64|0,00|0,00|0,00|5,03|23,16|0,00|0,00|
|C190|000|6101|12,00|772,00|772,00|92,64|0,00|0,00|0,00|0,00||
|C100|1|0|1685|55|00|1|000041285|35190171780456000160550010000412851005119673|18012019|18012019|15486,94|2|0,00|0,00|13466,90|0|0,00|0,00|0,00|13466,90|2424,04|0,00|0,00|2020,04|87,53|404,01|0,00|0,00|
|C190|000|5101|18,00|15486,94|13466,90|2424,04|0,00|0,00|0,00|2020,04||
|C100|1|0|436|55|00|1|000041286|35190171780456000160550010000412861005119689|18012019|18012019|1152,25|2|0,00|0,00|1152,25|0|0,00|0,00|0,00|1152,25|207,41|0,00|0,00|0,00|7,49|34,57|0,00|0,00|
|C190|000|5101|18,00|1152,25|1152,25|207,41|0,00|0,00|0,00|0,00||
|C100|1|0|4Y80I72CL|55|00|1|000041287|35190171780456000160550010000412871005119694|18012019|18012019|154,00|2|0,00|0,00|154,00|1|0,00|0,00|0,00|0,00|0,00|0,00|0,00|0,00|0,00|0,00|0,00|0,00|
|C190|090|5916|0,00|154,00|0,00|0,00|0,00|0,00|0,00|0,00||
|C100|1|0|4CH0O3IEN|55|00|1|000041288|35190171780456000160550010000412881005119705|18012019|18012019|12831,66|2|0,00|0,00|12831,66|0|0,00|0,00|0,00|12831,66|2309,70|0,00|0,00|0,00|83,41|384,95|0,00|0,00|
|C190|000|5101|18,00|12831,66|12831,66|2309,70|0,00|0,00|0,00|0,00||
|C100|1|0|4CH0O3IEN|55|00|1|000041289|35190171780456000160550010000412891005119710|18012019|18012019|50,00|2|0,00|0,00|50,00|0|0,00|0,00|0,00|0,00|0,00|0,00|0,00|0,00|0,00|0,00|0,00|0,00|
|C190|041|5920|0,00|50,00|0,00|0,00|0,00|0,00|0,00|0,00||
|C100|1|0|4RA0HR2FB|55|00|1|000041290|35190171780456000160550010000412901005119720|18012019|18012019|13963,30|2|0,00|0,00|12142,00|1|0,00|0,00|0,00|12142,00|2185,56|0,00|0,00|1821,30|78,92|364,26|0,00|0,00|
|C190|000|5101|18,00|13963,30|12142,00|2185,56|0,00|0,00|0,00|1821,30||
|C100|1|0|4CH0O3IEN|55|00|1|000041291|35190171780456000160550010000412911005119735|18012019|18012019|75,00|2|0,00|0,00|75,00|0|0,00|0,00|0,00|0,00|0,00|0,00|0,00|0,00|0,00|0,00|0,00|0,00|
|C190|041|5920|0,00|75,00|0,00|0,00|0,00|0,00|0,00|0,00||
|C100|1|0|2075|55|00|1|000041292|35190171780456000160550010000412921005119740|18012019|18012019|4250,00|2|0,00|0,00|4250,00|0|0,00|0,00|0,00|0,00|0,00|0,00|0,00|0,00|0,00|0,00|0,00|0,00|
|C190|040|5901|0,00|4250,00|0,00|0,00|0,00|0,00|0,00|0,00||
|C100|1|0|4RM0ID6UB|55|00|1|000041293|35190171780456000160550010000412931005119756|18012019|18012019|3105,00|2|0,00|0,00|2700,00|0|0,00|0,00|0,00|2700,00|486,00|0,00|0,00|405,00|17,55|81,00|0,00|0,00|
|C190|000|5101|18,00|3105,00|2700,00|486,00|0,00|0,00|0,00|405,00||
|C100|1|0|4760HCDPS|55|00|1|000041294|35190171780456000160550010000412941005119761|18012019|18012019|8611,80|2|0,00|0,00|8611,80|1|0,00|0,00|0,00|8611,80|1033,42|0,00|0,00|0,00|55,97|258,35|0,00|0,00|
|C190|000|6101|12,00|8611,80|8611,80|1033,42|0,00|0,00|0,00|0,00||
|C100|1|0||55|02|1|000041295|35190171780456000160550010000412951005119777|||||||||||||||||||||
|C100|1|0|2075|55|00|1|000041296|35190171780456000160550010000412961005119782|18012019|18012019|4320,00|2|0,00|0,00|4320,00|1|0,00|0,00|0,00|0,00|0,00|0,00|0,00|0,00|0,00|0,00|0,00|0,00|
|C190|090|5949|0,00|4320,00|0,00|0,00|0,00|0,00|0,00|0,00||
|C100|1|0|1098|55|00|1|000041297|35190171780456000160550010000412971005119798|18012019|18012019|2760,00|2|0,00|0,00|2400,00|1|0,00|0,00|0,00|2400,00|288,00|0,00|0,00|360,00|15,60|72,00|0,00|0,00|
|C190|000|6101|12,00|2760,00|2400,00|288,00|0,00|0,00|0,00|360,00||
|C100|1|0|4JG0HZ65V|55|00|1|000041298|35190171780456000160550010000412981005119809|18012019|18012019|2562,50|2|0,00|0,00|2562,50|1|0,00|0,00|0,00|2562,50|461,25|0,00|0,00|0,00|16,67|76,88|0,00|0,00|
|C190|000|5101|18,00|2562,50|2562,50|461,25|0,00|0,00|0,00|0,00||
|C100|1|0|4JG0HZ65V|55|00|1|000041299|35190171780456000160550010000412991005119814|18012019|18012019|8682,00|2|0,00|0,00|8682,00|1|0,00|0,00|0,00|0,00|0,00|0,00|0,00|0,00|0,00|0,00|0,00|0,00|
|C190|090|5921|0,00|8682,00|0,00|0,00|0,00|0,00|0,00|0,00||
|C100|1|0|1098|55|00|1|000041300|35190171780456000160550010000413001005119825|18012019|18012019|2760,00|2|0,00|0,00|2400,00|1|0,00|0,00|0,00|2400,00|288,00|0,00|0,00|360,00|15,60|72,00|0,00|0,00|
|C190|000|6101|12,00|2760,00|2400,00|288,00|0,00|0,00|0,00|360,00||
|C100|1|0|4SG0HRAYM|55|00|1|000041301|35190171780456000160550010000413011005119830|21012019|21012019|5681,00|2|0,00|0,00|4940,00|1|0,00|0,00|0,00|4940,00|889,20|0,00|0,00|741,00|32,11|148,20|0,00|0,00|
|C190|000|5101|18,00|5681,00|4940,00|889,20|0,00|0,00|0,00|741,00||
|C100|1|0|1531|55|00|1|000041302|35190171780456000160550010000413021005119846|21012019|21012019|4620,19|2|0,00|0,00|4017,56|1|0,00|0,00|0,00|4017,56|723,16|0,00|0,00|602,63|26,11|120,53|0,00|0,00|
|C190|000|5101|18,00|4620,19|4017,56|723,16|0,00|0,00|0,00|602,63||
|C100|1|0|3PE0XRH6L|55|00|1|000041303|35190171780456000160550010000413031005119851|21012019|21012019|3079,13|2|0,00|0,00|2677,50|1|0,00|0,00|0,00|2677,50|321,30|0,00|0,00|401,63|17,40|80,33|0,00|0,00|
|C190|000|6101|12,00|3079,13|2677,50|321,30|0,00|0,00|0,00|401,63||
|C100|1|0|1342|55|00|1|000041304|35190171780456000160550010000413041005119867|21012019|21012019|12369,10|2|0,00|0,00|12369,10|0|0,00|0,00|0,00|12369,10|2226,44|0,00|0,00|0,00|80,40|371,07|0,00|0,00|
|C190|000|5101|18,00|12369,10|12369,10|2226,44|0,00|0,00|0,00|0,00||
|C100|1|0|1531|55|00|1|000041305|35190171780456000160550010000413051005119872|21012019|21012019|5093,35|2|0,00|0,00|4429,00|1|0,00|0,00|0,00|4429,00|797,22|0,00|0,00|664,35|28,79|132,87|0,00|0,00|
|C190|000|5101|18,00|5093,35|4429,00|797,22|0,00|0,00|0,00|664,35||
|C100|1|0|1531|55|00|1|000041306|35190171780456000160550010000413061005119888|21012019|21012019|14700,91|2|0,00|0,00|12783,40|1|0,00|0,00|0,00|12783,40|2301,01|0,00|0,00|1917,51|83,09|383,50|0,00|0,00|
|C190|000|5101|18,00|14700,91|12783,40|2301,01|0,00|0,00|0,00|1917,51||
|C100|1|0|1531|55|00|1|000041307|35190171780456000160550010000413071005119893|21012019|21012019|11290,93|2|0,00|0,00|9818,20|1|0,00|0,00|0,00|9818,20|1767,28|0,00|0,00|1472,73|63,82|294,55|0,00|0,00|
|C190|000|5101|18,00|11290,93|9818,20|1767,28|0,00|0,00|0,00|1472,73||
|C100|1|0|1531|55|00|1|000041308|35190171780456000160550010000413081005119904|21012019|21012019|1986,05|2|0,00|0,00|1727,00|1|0,00|0,00|0,00|1727,00|310,86|0,00|0,00|259,05|11,23|51,81|0,00|0,00|
|C190|000|5101|18,00|1986,05|1727,00|310,86|0,00|0,00|0,00|259,05||
|C100|1|0||55|02|1|000041309|35190171780456000160550010000413091005119910|||||||||||||||||||||
|C100|1|0|5840I9M4Z|55|00|1|000041310|35190171780456000160550010000413101005119929|21012019|21012019|16176,00|2|0,00|0,00|16176,00|1|0,00|0,00|0,00|16176,00|1941,12|0,00|0,00|0,00|105,14|485,28|0,00|0,00|
|C190|000|6101|12,00|16176,00|16176,00|1941,12|0,00|0,00|0,00|0,00||
|C100|1|0|4JG0HZ65V|55|00|1|000041311|35190171780456000160550010000413111005119934|21012019|21012019|2322,00|2|0,00|0,00|2322,00|1|0,00|0,00|0,00|2322,00|417,96|0,00|0,00|0,00|15,09|69,66|0,00|0,00|
|C190|000|5101|18,00|2322,00|2322,00|417,96|0,00|0,00|0,00|0,00||
|C100|1|0||55|02|1|000041312|35190171780456000160550010000413121005119940|||||||||||||||||||||
|C100|1|0|4JG0HZ65V|55|00|1|000041313|35190171780456000160550010000413131005119955|21012019|21012019|8640,00|2|0,00|0,00|8640,00|1|0,00|0,00|0,00|0,00|0,00|0,00|0,00|0,00|0,00|0,00|0,00|0,00|
|C190|090|5921|0,00|8640,00|0,00|0,00|0,00|0,00|0,00|0,00||
|C100|1|0|574|55|00|1|000041314|35190171780456000160550010000413141005119960|21012019|21012019|7930,00|2|0,00|0,00|7930,00|1|0,00|0,00|0,00|7930,00|1427,40|0,00|0,00|0,00|51,55|237,90|0,00|0,00|
|C190|000|5101|18,00|7930,00|7930,00|1427,40|0,00|0,00|0,00|0,00||
|C100|1|0|2075|55|00|1|000041315|35190171780456000160550010000413151005119976|21012019|21012019|6058,72|2|0,00|0,00|6058,72|1|0,00|0,00|0,00|0,00|0,00|0,00|0,00|0,00|11,70|54,00|0,00|0,00|
|C190|090|5124|0,00|1800,00|0,00|0,00|0,00|0,00|0,00|0,00||
|C190|090|5902|0,00|4258,72|0,00|0,00|0,00|0,00|0,00|0,00||
|C100|1|0|2075|55|00|1|000041316|35190171780456000160550010000413161005119981|21012019|21012019|312,00|2|0,00|0,00|312,00|0|0,00|0,00|0,00|0,00|0,00|0,00|0,00|0,00|0,00|0,00|0,00|0,00|
|C190|040|5901|0,00|312,00|0,00|0,00|0,00|0,00|0,00|0,00||
|C100|1|0|1691|55|00|1|000041317|35190171780456000160550010000413171005119997|21012019|21012019|12643,78|2|0,00|0,00|12643,78|1|0,00|0,00|0,00|12643,78|2275,88|0,00|0,00|0,00|82,20|379,31|0,00|0,00|
|C190|000|5101|18,00|12643,78|12643,78|2275,88|0,00|0,00|0,00|0,00||
|C100|1|0|1342|55|00|1|000041318|35190171780456000160550010000413181005120003|21012019|21012019|8088,08|2|0,00|0,00|8088,08|0|0,00|0,00|0,00|8088,08|1455,85|0,00|0,00|0,00|52,57|242,64|0,00|0,00|
|C190|000|5101|18,00|8088,08|8088,08|1455,85|0,00|0,00|0,00|0,00||
|C100|1|0|1965|55|00|1|000041319|35190171780456000160550010000413191005120019|22012019|22012019|2266,65|2|0,00|0,00|1971,00|0|0,00|0,00|0,00|1971,00|354,78|0,00|0,00|295,65|12,81|59,13|0,00|0,00|
|C190|000|5101|18,00|2266,65|1971,00|354,78|0,00|0,00|0,00|295,65||
|C100|1|0|1689|55|00|1|000041320|35190171780456000160550010000413201005120028|22012019|22012019|17561,80|2|0,00|0,00|17561,80|0|0,00|0,00|0,00|17561,80|3161,13|0,00|0,00|0,00|114,13|526,85|0,00|0,00|
|C190|000|5101|18,00|17561,80|17561,80|3161,13|0,00|0,00|0,00|0,00||
|C100|1|0|1685|55|00|1|000041321|35190171780456000160550010000413211005120033|22012019|22012019|13344,69|2|0,00|0,00|11604,08|0|0,00|0,00|0,00|11604,08|2088,73|0,00|0,00|1740,61|75,43|348,12|0,00|0,00|
|C190|000|5101|18,00|13344,69|11604,08|2088,73|0,00|0,00|0,00|1740,61||
|C100|1|0|4CH0O3IEN|55|00|1|000041322|35190171780456000160550010000413221005120049|22012019|22012019|21067,00|2|0,00|0,00|21067,00|0|0,00|0,00|0,00|21067,00|3792,06|0,00|0,00|0,00|136,94|632,01|0,00|0,00|
|C190|000|5101|18,00|21067,00|21067,00|3792,06|0,00|0,00|0,00|0,00||
|C100|1|0|4CH0O3IEN|55|00|1|000041323|35190171780456000160550010000413231005120054|22012019|22012019|75,00|2|0,00|0,00|75,00|0|0,00|0,00|0,00|0,00|0,00|0,00|0,00|0,00|0,00|0,00|0,00|0,00|
|C190|041|5920|0,00|75,00|0,00|0,00|0,00|0,00|0,00|0,00||
|C100|1|0|1992|55|00|1|000041324|35190171780456000160550010000413241005120060|22012019|22012019|13693,90|2|0,00|0,00|13693,90|0|0,00|0,00|0,00|0,00|0,00|0,00|0,00|0,00|20,74|95,73|0,00|0,00|
|C190|041|5124|0,00|40,00|0,00|0,00|0,00|0,00|0,00|0,00||
|C190|090|5124|0,00|3150,90|0,00|0,00|0,00|0,00|0,00|0,00||
|C190|090|5902|0,00|10503,00|0,00|0,00|0,00|0,00|0,00|0,00||
|C100|1|0|1531|55|00|1|000041325|35190171780456000160550010000413251005120075|22012019|22012019|4579,14|2|0,00|0,00|3981,86|1|0,00|0,00|0,00|3981,86|716,73|0,00|0,00|597,28|25,88|119,46|0,00|0,00|
|C190|000|5101|18,00|4579,14|3981,86|716,73|0,00|0,00|0,00|597,28||
|C100|1|0|1531|55|00|1|000041326|35190171780456000160550010000413261005120080|22012019|22012019|6017,72|2|0,00|0,00|5232,80|1|0,00|0,00|0,00|5232,80|941,90|0,00|0,00|784,92|34,01|156,98|0,00|0,00|
|C190|000|5101|18,00|6017,72|5232,80|941,90|0,00|0,00|0,00|784,92||
|C100|1|0|4JG0HZ65V|55|00|1|000041327|35190171780456000160550010000413271005120096|22012019|22012019|3475,00|2|0,00|0,00|3475,00|1|0,00|0,00|0,00|3475,00|625,50|0,00|0,00|0,00|22,60|104,25|0,00|0,00|
|C190|000|5101|18,00|3475,00|3475,00|625,50|0,00|0,00|0,00|0,00||
|C100|1|0|4JG0HZ65V|55|00|1|000041328|35190171780456000160550010000413281005120107|22012019|22012019|17886,00|2|0,00|0,00|17886,00|1|0,00|0,00|0,00|0,00|0,00|0,00|0,00|0,00|0,00|0,00|0,00|0,00|
|C190|090|5921|0,00|17886,00|0,00|0,00|0,00|0,00|0,00|0,00||
|C100|1|0|4RM0ID6UB|55|00|1|000041329|35190171780456000160550010000413291005120112|22012019|22012019|5175,00|2|0,00|0,00|4500,00|1|0,00|0,00|0,00|4500,00|810,00|0,00|0,00|675,00|29,25|135,00|0,00|0,00|
|C190|000|5101|18,00|5175,00|4500,00|810,00|0,00|0,00|0,00|675,00||
|C100|1|0|1840|55|00|1|000041330|35190171780456000160550010000413301005120121|22012019|22012019|324,30|2|0,00|0,00|282,00|1|0,00|0,00|0,00|282,00|50,76|0,00|0,00|42,30|1,83|8,46|0,00|0,00|
|C190|000|5101|18,00|324,30|282,00|50,76|0,00|0,00|0,00|42,30||
|C100|1|0|1531|55|00|1|000041331|35190171780456000160550010000413311005120137|23012019|23012019|6419,88|2|0,00|0,00|5582,50|1|0,00|0,00|0,00|5582,50|1004,85|0,00|0,00|837,38|36,29|167,48|0,00|0,00|
|C190|000|5101|18,00|6419,88|5582,50|1004,85|0,00|0,00|0,00|837,38||
|C100|1|0|4X20XQHQ3|55|00|1|000041332|35190171780456000160550010000413321005120142|23012019|23012019|16233,98|2|0,00|0,00|14116,50|1|0,00|0,00|0,00|14116,50|2540,97|0,00|0,00|2117,48|91,75|423,50|0,00|0,00|
|C190|000|5101|18,00|16233,98|14116,50|2540,97|0,00|0,00|0,00|2117,48||
|C100|1|0|1029|55|00|1|000041333|35190171780456000160550010000413331005120158|23012019|23012019|10273,12|1|0,00|0,00|8933,15|0|0,00|0,00|0,00|8933,15|1607,97|0,00|0,00|1339,97|58,06|267,99|0,00|0,00|
|C190|000|5101|18,00|10273,12|8933,15|1607,97|0,00|0,00|0,00|1339,97||
|C100|1|0|1157|55|00|1|000041334|35190171780456000160550010000413341005120163|23012019|23012019|3096,00|1|0,00|0,00|3096,00|1|0,00|0,00|0,00|0,00|0,00|0,00|0,00|0,00|20,12|92,88|0,00|0,00|
|C190|040|5101|0,00|3096,00|0,00|0,00|0,00|0,00|0,00|0,00||
|C100|1|0|1685|55|00|1|000041335|35190171780456000160550010000413351005120179|23012019|23012019|2415,00|1|0,00|0,00|2100,00|0|0,00|0,00|0,00|2100,00|378,00|0,00|0,00|315,00|13,65|63,00|0,00|0,00|
|C190|000|5101|18,00|2415,00|2100,00|378,00|0,00|0,00|0,00|315,00||
|C100|1|0|2075|55|00|1|000041336|35190171780456000160550010000413361005120184|23012019|23012019|3847,50|1|0,00|0,00|3847,50|1|0,00|0,00|0,00|0,00|0,00|0,00|0,00|0,00|9,36|43,20|0,00|0,00|
|C190|090|5124|0,00|1440,00|0,00|0,00|0,00|0,00|0,00|0,00||
|C190|090|5902|0,00|2407,50|0,00|0,00|0,00|0,00|0,00|0,00||
|C100|1|0|2075|55|00|1|000041337|35190171780456000160550010000413371005120190|23012019|23012019|14016,00|1|0,00|0,00|14016,00|1|0,00|0,00|0,00|0,00|0,00|0,00|0,00|0,00|14,63|67,50|0,00|0,00|
|C190|090|5124|0,00|2250,00|0,00|0,00|0,00|0,00|0,00|0,00||
|C190|090|5902|0,00|11766,00|0,00|0,00|0,00|0,00|0,00|0,00||
|C100|1|0|2200|55|00|1|000041338|35190171780456000160550010000413381005120200|23012019|23012019|23976,00|1|0,00|0,00|23976,00|0|0,00|0,00|0,00|0,00|0,00|0,00|0,00|0,00|155,84|719,28|0,00|0,00|
|C190|090|5101|0,00|23976,00|0,00|0,00|0,00|0,00|0,00|0,00||
|C100|1|0|5EH0GJ2U7|55|00|1|000041339|35190171780456000160550010000413391005120216|23012019|23012019|7245,00|1|0,00|0,00|6300,00|2|0,00|0,00|0,00|7245,00|1304,10|0,00|0,00|945,00|40,95|189,00|0,00|0,00|
|C190|000|5119|18,00|7245,00|7245,00|1304,10|0,00|0,00|0,00|945,00||
|C100|1|0|4S20KCVWB|55|00|1|000041340|35190171780456000160550010000413401005120225|23012019|23012019|6300,00|2|0,00|0,00|6300,00|0|0,00|0,00|0,00|0,00|0,00|0,00|0,00|0,00|0,00|0,00|0,00|0,00|
|C190|090|5923|0,00|6300,00|0,00|0,00|0,00|0,00|0,00|0,00||
|C100|1|0|1691|55|00|1|000041341|35190171780456000160550010000413411005120230|23012019|23012019|6873,50|1|0,00|0,00|6873,50|1|0,00|0,00|0,00|6873,50|1237,23|0,00|0,00|0,00|44,67|206,20|0,00|0,00|
|C190|000|5101|18,00|6873,50|6873,50|1237,23|0,00|0,00|0,00|0,00||
|C100|1|0|2005|55|00|1|000041342|35190171780456000160550010000413421005120246|23012019|23012019|37000,00|2|0,00|0,00|37000,00|0|0,00|0,00|0,00|0,00|0,00|0,00|0,00|0,00|0,00|0,00|0,00|0,00|
|C190|090|5915|0,00|37000,00|0,00|0,00|0,00|0,00|0,00|0,00||
|C100|1|0|4JG0HZ65V|55|00|1|000041343|35190171780456000160550010000413431005120251|23012019|23012019|3856,00|1|0,00|0,00|3856,00|1|0,00|0,00|0,00|3856,00|694,08|0,00|0,00|0,00|25,08|115,69|0,00|0,00|
|C190|000|5101|18,00|3856,00|3856,00|694,08|0,00|0,00|0,00|0,00||
|C100|1|0|4JG0HZ65V|55|00|1|000041344|35190171780456000160550010000413441005120267|23012019|23012019|23904,00|2|0,00|0,00|23904,00|1|0,00|0,00|0,00|0,00|0,00|0,00|0,00|0,00|0,00|0,00|0,00|0,00|
|C190|090|5921|0,00|23904,00|0,00|0,00|0,00|0,00|0,00|0,00||
|C100|1|0||55|02|1|000041345|35190171780456000160550010000413451005120272|||||||||||||||||||||
|C100|1|0|2075|55|00|1|000041346|35190171780456000160550010000413461005120288|24012019|24012019|2095,18|1|0,00|0,00|2095,18|1|0,00|0,00|0,00|0,00|0,00|0,00|0,00|0,00|4,10|18,90|0,00|0,00|
|C190|090|5124|0,00|630,00|0,00|0,00|0,00|0,00|0,00|0,00||
|C190|090|5902|0,00|1465,18|0,00|0,00|0,00|0,00|0,00|0,00||
|C100|1|0|4Z00OHCWF|55|00|1|000041347|35190171780456000160550010000413471005120293|24012019|24012019|4956,00|1|0,00|0,00|4956,00|0|0,00|0,00|0,00|4956,00|892,08|0,00|0,00|0,00|32,21|148,68|0,00|0,00|
|C190|000|5101|18,00|4956,00|4956,00|892,08|0,00|0,00|0,00|0,00||
|C100|1|0|436|55|00|1|000041348|35190171780456000160550010000413481005120304|24012019|24012019|3451,00|1|0,00|0,00|3451,00|0|0,00|0,00|0,00|3451,00|621,18|0,00|0,00|0,00|22,44|103,54|0,00|0,00|
|C190|000|5101|18,00|3451,00|3451,00|621,18|0,00|0,00|0,00|0,00||
|C100|1|0|1685|55|00|1|000041349|35190171780456000160550010000413491005120310|24012019|24012019|13041,00|1|0,00|0,00|11340,00|0|0,00|0,00|0,00|11340,00|2041,20|0,00|0,00|1701,00|73,71|340,20|0,00|0,00|
|C190|000|5101|18,00|13041,00|11340,00|2041,20|0,00|0,00|0,00|1701,00||
|C100|1|0|1531|55|00|1|000041350|35190171780456000160550010000413501005120329|24012019|24012019|2576,00|1|0,00|0,00|2240,00|1|0,00|0,00|0,00|2240,00|403,20|0,00|0,00|336,00|14,56|67,20|0,00|0,00|
|C190|000|5101|18,00|2576,00|2240,00|403,20|0,00|0,00|0,00|336,00||
|C100|1|0|1531|55|00|1|000041351|35190171780456000160550010000413511005120334|24012019|24012019|2978,50|1|0,00|0,00|2590,00|1|0,00|0,00|0,00|2590,00|466,20|0,00|0,00|388,50|16,84|77,70|0,00|0,00|
|C190|000|5101|18,00|2978,50|2590,00|466,20|0,00|0,00|0,00|388,50||
|C100|1|0|2075|55|00|1|000041352|35190171780456000160550010000413521005120340|24012019|24012019|2255,28|1|0,00|0,00|2255,28|1|0,00|0,00|0,00|0,00|0,00|0,00|0,00|0,00|4,10|18,90|0,00|0,00|
|C190|090|5124|0,00|630,00|0,00|0,00|0,00|0,00|0,00|0,00||
|C190|090|5902|0,00|1625,28|0,00|0,00|0,00|0,00|0,00|0,00||
|C100|1|0|1996|55|00|1|000041353|35190171780456000160550010000413531005120355|24012019|24012019|2080,00|2|0,00|0,00|2080,00|1|0,00|0,00|0,00|0,00|0,00|0,00|0,00|0,00|0,00|0,00|0,00|0,00|
|C190|040|5901|0,00|2080,00|0,00|0,00|0,00|0,00|0,00|0,00||
|C100|1|0|57B0WWZ3H|55|00|1|000041354|35190171780456000160550010000413541005120360|24012019|24012019|1556,00|1|0,00|0,00|1556,00|1|0,00|0,00|0,00|0,00|0,00|0,00|0,00|0,00|10,11|46,68|0,00|0,00|
|C190|090|5124|0,00|1556,00|0,00|0,00|0,00|0,00|0,00|0,00||
|C100|1|0|57B0WWZ3H|55|00|1|000041355|35190171780456000160550010000413551005120376|24012019|24012019|6362,36|2|0,00|0,00|6362,36|1|0,00|0,00|0,00|0,00|0,00|0,00|0,00|0,00|0,00|0,00|0,00|0,00|
|C190|090|5902|0,00|6362,36|0,00|0,00|0,00|0,00|0,00|0,00||
|C100|1|0|5840I9M4Z|55|00|1|000041356|35190171780456000160550010000413561005120381|24012019|24012019|386,40|2|0,00|0,00|336,00|1|0,00|0,00|0,00|336,00|40,32|0,00|0,00|50,40|0,00|0,00|0,00|0,00|
|C190|000|6911|12,00|386,40|336,00|40,32|0,00|0,00|0,00|50,40||
|C100|1|0|5840I9M4Z|55|00|1|000041357|35190171780456000160550010000413571005120397|24012019|24012019|7,94|2|0,00|0,00|6,90|1|0,00|0,00|0,00|6,90|0,83|0,00|0,00|1,04|0,00|0,00|0,00|0,00|
|C190|000|6911|12,00|7,94|6,90|0,83|0,00|0,00|0,00|1,04||
|C100|1|0|4JG0HZ65V|55|00|1|000041358|35190171780456000160550010000413581005120408|24012019|24012019|4869,50|1|0,00|0,00|4869,50|1|0,00|0,00|0,00|4869,50|876,51|0,00|0,00|0,00|31,67|146,09|0,00|0,00|
|C190|000|5101|18,00|4869,50|4869,50|876,51|0,00|0,00|0,00|0,00||
|C100|1|0|4JG0HZ65V|55|00|1|000041359|35190171780456000160550010000413591005120413|24012019|24012019|20634,00|2|0,00|0,00|20634,00|1|0,00|0,00|0,00|0,00|0,00|0,00|0,00|0,00|0,00|0,00|0,00|0,00|
|C190|090|5921|0,00|20634,00|0,00|0,00|0,00|0,00|0,00|0,00||
|C100|1|0|2075|55|00|1|000041360|35190171780456000160550010000413601005120422|24012019|24012019|7359,30|1|0,00|0,00|7359,30|1|0,00|0,00|0,00|0,00|0,00|0,00|0,00|0,00|21,45|99,00|0,00|0,00|
|C190|090|5124|0,00|3300,00|0,00|0,00|0,00|0,00|0,00|0,00||
|C190|090|5902|0,00|4059,30|0,00|0,00|0,00|0,00|0,00|0,00||
|C100|1|0|2075|55|00|1|000041361|35190171780456000160550010000413611005120438|24012019|24012019|7556,00|1|0,00|0,00|7556,00|1|0,00|0,00|0,00|0,00|0,00|0,00|0,00|0,00|22,46|103,68|0,00|0,00|
|C190|090|5124|0,00|3456,00|0,00|0,00|0,00|0,00|0,00|0,00||
|C190|090|5902|0,00|4100,00|0,00|0,00|0,00|0,00|0,00|0,00||
|C100|1|0|2345|55|00|1|000041362|35190171780456000160550010000413621005120443|25012019|25012019|2052,75|1|0,00|0,00|1785,00|0|0,00|0,00|0,00|1785,00|321,30|0,00|0,00|267,75|11,60|53,55|0,00|0,00|
|C190|000|5101|18,00|2052,75|1785,00|321,30|0,00|0,00|0,00|267,75||
|C100|1|0|57B0WWZ3H|55|00|1|000041363|35190171780456000160550010000413631005120459|25012019|25012019|3012,48|2|0,00|0,00|3012,48|1|0,00|0,00|0,00|0,00|0,00|0,00|0,00|0,00|0,00|0,00|0,00|0,00|
|C190|040|5903|0,00|3012,48|0,00|0,00|0,00|0,00|0,00|0,00||
|C100|1|0|3VR0Y96YQ|55|00|1|000041364|35190171780456000160550010000413641005120464|25012019|25012019|27064,42|1|0,00|0,00|23534,28|0|0,00|0,00|0,00|23534,28|4236,17|0,00|0,00|3530,14|152,97|706,03|0,00|0,00|
|C190|000|5101|18,00|27064,42|23534,28|4236,17|0,00|0,00|0,00|3530,14||
|C100|1|0|4M00N3BWC|55|00|1|000041365|35190171780456000160550010000413651005120470|25012019|25012019|8760,00|1|0,00|0,00|8760,00|1|0,00|0,00|0,00|8760,00|613,20|0,00|0,00|0,00|56,94|262,80|0,00|0,00|
|C190|000|6101|7,00|8760,00|8760,00|613,20|0,00|0,00|0,00|0,00||
|C100|1|0|43D0KK88V|55|00|1|000041366|35190171780456000160550010000413661005120485|25012019|25012019|4558,03|1|0,00|0,00|3963,50|0|0,00|0,00|0,00|3963,50|713,43|0,00|0,00|594,53|25,76|118,91|0,00|0,00|
|C190|000|5101|18,00|4558,03|3963,50|713,43|0,00|0,00|0,00|594,53||
|C100|1|0|1535|55|00|1|000041367|35190171780456000160550010000413671005120490|25012019|25012019|3005,64|1|0,00|0,00|2613,60|1|0,00|0,00|0,00|2613,60|470,45|0,00|0,00|392,04|16,99|78,41|0,00|0,00|
|C190|000|5101|18,00|3005,64|2613,60|470,45|0,00|0,00|0,00|392,04||
|C100|1|0|1965|55|00|1|000041368|35190171780456000160550010000413681005120501|25012019|25012019|6306,26|0|0,00|0,00|5483,70|0|0,00|0,00|0,00|5483,70|987,07|0,00|0,00|822,56|35,64|164,51|0,00|0,00|
|C190|000|5101|18,00|6306,26|5483,70|987,07|0,00|0,00|0,00|822,56||
|C100|1|0|1388|55|00|1|000041369|35190171780456000160550010000413691005120517|25012019|25012019|642,80|1|0,00|0,00|558,96|0|0,00|0,00|0,00|558,96|100,61|0,00|0,00|83,84|3,63|16,77|0,00|0,00|
|C190|000|5101|18,00|642,80|558,96|100,61|0,00|0,00|0,00|83,84||
|C100|1|0|54B0GJBPW|55|00|1|000041370|35190171780456000160550010000413701005120526|25012019|25012019|1595,28|1|0,00|0,00|1387,20|1|0,00|0,00|0,00|1387,20|249,70|0,00|0,00|208,08|9,02|41,62|0,00|0,00|
|C190|000|5101|18,00|1595,28|1387,20|249,70|0,00|0,00|0,00|208,08||
|C100|1|0|2076|55|00|1|000041371|35190171780456000160550010000413711005120531|25012019|25012019|1419,33|1|0,00|0,00|1234,20|1|0,00|0,00|0,00|1234,20|222,16|0,00|0,00|185,13|8,02|37,03|0,00|0,00|
|C190|000|5101|18,00|1419,33|1234,20|222,16|0,00|0,00|0,00|185,13||
|C100|1|0|4JG0HZ65V|55|00|1|000041372|35190171780456000160550010000413721005120547|25012019|25012019|2638,50|1|0,00|0,00|2638,50|1|0,00|0,00|0,00|2638,50|474,93|0,00|0,00|0,00|17,16|79,16|0,00|0,00|
|C190|000|5101|18,00|2638,50|2638,50|474,93|0,00|0,00|0,00|0,00||
|C100|1|0|4JG0HZ65V|55|00|1|000041373|35190171780456000160550010000413731005120552|25012019|25012019|10212,00|2|0,00|0,00|10212,00|1|0,00|0,00|0,00|0,00|0,00|0,00|0,00|0,00|0,00|0,00|0,00|0,00|
|C190|090|5921|0,00|10212,00|0,00|0,00|0,00|0,00|0,00|0,00||
|C100|1|0|54B0GJO1K|55|00|1|000041374|35190171780456000160550010000413741005120568|25012019|25012019|1025,34|1|0,00|0,00|891,60|1|0,00|0,00|0,00|891,60|106,99|0,00|0,00|133,74|5,80|26,75|0,00|0,00|
|C190|000|6101|12,00|1025,34|891,60|106,99|0,00|0,00|0,00|133,74||
|C100|1|0|2257|55|00|1|000041375|35190171780456000160550010000413751005120573|25012019|25012019|1340,90|1|0,00|0,00|1166,00|1|0,00|0,00|0,00|1166,00|209,88|0,00|0,00|174,90|7,58|34,98|0,00|0,00|
|C190|000|5101|18,00|1340,90|1166,00|209,88|0,00|0,00|0,00|174,90||
|C100|1|0|1035|55|00|1|000041376|35190171780456000160550010000413761005120589|25012019|25012019|805,00|1|0,00|0,00|700,00|1|0,00|0,00|0,00|700,00|126,00|0,00|0,00|105,00|4,55|21,00|0,00|0,00|
|C190|000|5101|18,00|805,00|700,00|126,00|0,00|0,00|0,00|105,00||
|C100|1|0|1996|55|00|1|000041377|35190171780456000160550010000413771005120594|25012019|25012019|3750,00|2|0,00|0,00|3750,00|1|0,00|0,00|0,00|0,00|0,00|0,00|0,00|0,00|0,00|0,00|0,00|0,00|
|C190|040|5901|0,00|3750,00|0,00|0,00|0,00|0,00|0,00|0,00||
|C100|1|0|4M00N3BWC|55|00|1|000041378|35190171780456000160550010000413781005120605|28012019|28012019|11680,00|1|0,00|0,00|11680,00|1|0,00|0,00|0,00|11680,00|817,60|0,00|0,00|0,00|75,92|350,40|0,00|0,00|
|C190|000|6101|7,00|11680,00|11680,00|817,60|0,00|0,00|0,00|0,00||
|C100|1|0|2345|55|00|1|000041379|35190171780456000160550010000413791005120610|28012019|28012019|1368,50|1|0,00|0,00|1190,00|0|0,00|0,00|0,00|1190,00|214,20|0,00|0,00|178,50|7,74|35,70|0,00|0,00|
|C190|000|5101|18,00|1368,50|1190,00|214,20|0,00|0,00|0,00|178,50||
|C100|1|0|2459|55|00|1|000041380|35190171780456000160550010000413801005120620|28012019|28012019|6210,00|1|0,00|0,00|5400,00|0|0,00|0,00|0,00|5400,00|972,00|0,00|0,00|810,00|35,10|162,00|0,00|0,00|
|C190|000|5101|18,00|6210,00|5400,00|972,00|0,00|0,00|0,00|810,00||
|C100|1|0|4IU0IFNN4|55|00|1|000041381|35190171780456000160550010000413811005120635|28012019|28012019|6860,14|1|0,00|0,00|5965,34|0|0,00|0,00|0,00|5965,34|1073,76|0,00|0,00|894,80|38,77|178,96|0,00|0,00|
|C190|000|5101|18,00|6860,14|5965,34|1073,76|0,00|0,00|0,00|894,80||
|C100|1|0|70014|55|00|1|000041382|35190171780456000160550010000413821005120640|28012019|28012019|9711,75|1|0,00|0,00|8445,00|0|0,00|0,00|0,00|8445,00|1520,10|0,00|0,00|1266,75|54,89|253,35|0,00|0,00|
|C190|000|5101|18,00|9711,75|8445,00|1520,10|0,00|0,00|0,00|1266,75||
|C100|1|0|574|55|00|1|000041383|35190171780456000160550010000413831005120656|28012019|28012019|8000,00|1|0,00|0,00|8000,00|1|0,00|0,00|0,00|8000,00|1440,00|0,00|0,00|0,00|52,00|240,00|0,00|0,00|
|C190|000|5101|18,00|8000,00|8000,00|1440,00|0,00|0,00|0,00|0,00||
|C100|1|0|3RN0PMB2R|55|00|1|000041384|35190171780456000160550010000413841005120661|28012019|28012019|2256,30|1|0,00|0,00|1962,00|1|0,00|0,00|0,00|1962,00|353,16|0,00|0,00|294,30|12,75|58,86|0,00|0,00|
|C190|000|5101|18,00|2256,30|1962,00|353,16|0,00|0,00|0,00|294,30||
|C100|1|0|1689|55|00|1|000041385|35190171780456000160550010000413851005120677|28012019|28012019|8666,32|1|0,00|0,00|8666,32|0|0,00|0,00|0,00|8666,32|1559,94|0,00|0,00|0,00|56,34|259,99|0,00|0,00|
|C190|000|5101|18,00|8666,32|8666,32|1559,94|0,00|0,00|0,00|0,00||
|C100|1|0|3PE0XRH6L|55|00|1|000041386|35190171780456000160550010000413861005120682|28012019|28012019|2936,87|1|0,00|0,00|2553,80|1|0,00|0,00|0,00|2553,80|306,46|0,00|0,00|383,07|16,60|76,61|0,00|0,00|
|C190|000|6101|12,00|2936,87|2553,80|306,46|0,00|0,00|0,00|383,07||
|C100|1|0|1685|55|00|1|000041387|35190171780456000160550010000413871005120698|28012019|28012019|9967,63|1|0,00|0,00|8667,50|0|0,00|0,00|0,00|8667,50|1560,15|0,00|0,00|1300,13|56,34|260,03|0,00|0,00|
|C190|000|5101|18,00|9967,63|8667,50|1560,15|0,00|0,00|0,00|1300,13||
|C100|1|0|4JG0HZ65V|55|00|1|000041388|35190171780456000160550010000413881005120709|28012019|28012019|3046,50|1|0,00|0,00|3046,50|1|0,00|0,00|0,00|3046,50|548,37|0,00|0,00|0,00|19,81|91,40|0,00|0,00|
|C190|000|5101|18,00|3046,50|3046,50|548,37|0,00|0,00|0,00|0,00||
|C100|1|0|4JG0HZ65V|55|00|1|000041389|35190171780456000160550010000413891005120714|28012019|28012019|10212,00|2|0,00|0,00|10212,00|1|0,00|0,00|0,00|0,00|0,00|0,00|0,00|0,00|0,00|0,00|0,00|0,00|
|C190|090|5921|0,00|10212,00|0,00|0,00|0,00|0,00|0,00|0,00||
|C100|1|0|57B0WWZ3H|55|00|1|000041390|35190171780456000160550010000413901005120723|28012019|28012019|1056,00|1|0,00|0,00|1056,00|1|0,00|0,00|0,00|0,00|0,00|0,00|0,00|0,00|6,86|31,68|0,00|0,00|
|C190|090|5124|0,00|1056,00|0,00|0,00|0,00|0,00|0,00|0,00||
|C100|1|0|57B0WWZ3H|55|00|1|000041391|35190171780456000160550010000413911005120739|28012019|28012019|5609,24|2|0,00|0,00|5609,24|1|0,00|0,00|0,00|0,00|0,00|0,00|0,00|0,00|0,00|0,00|0,00|0,00|
|C190|090|5902|0,00|5609,24|0,00|0,00|0,00|0,00|0,00|0,00||
|C100|1|0|57B0WWZ3H|55|00|1|000041392|35190171780456000160550010000413921005120744|28012019|28012019|753,12|2|0,00|0,00|753,12|1|0,00|0,00|0,00|0,00|0,00|0,00|0,00|0,00|0,00|0,00|0,00|0,00|
|C190|040|5903|0,00|753,12|0,00|0,00|0,00|0,00|0,00|0,00||
|C100|1|0|57B0WWZ3H|55|00|1|000041393|35190171780456000160550010000413931005120750|28012019|28012019|3945,14|1|0,00|0,00|3430,56|1|0,00|0,00|0,00|3430,56|617,50|0,00|0,00|514,58|22,30|102,92|0,00|0,00|
|C190|000|5101|18,00|3945,14|3430,56|617,50|0,00|0,00|0,00|514,58||
|C100|1|0|1691|55|00|1|000041394|35190171780456000160550010000413941005120765|28012019|28012019|10684,60|1|0,00|0,00|10684,60|1|0,00|0,00|0,00|10684,60|1923,23|0,00|0,00|0,00|69,45|320,54|0,00|0,00|
|C190|000|5101|18,00|10684,60|10684,60|1923,23|0,00|0,00|0,00|0,00||
|C100|1|0|1531|55|00|1|000041395|35190171780456000160550010000413951005120770|29012019|29012019|1986,05|1|0,00|0,00|1727,00|1|0,00|0,00|0,00|1727,00|310,86|0,00|0,00|259,05|11,23|51,81|0,00|0,00|
|C190|000|5101|18,00|1986,05|1727,00|310,86|0,00|0,00|0,00|259,05||
|C100|1|0|47H0V1QR6|55|00|1|000041396|35190171780456000160550010000413961005120786|29012019|29012019|4933,68|1|0,00|0,00|4290,16|0|0,00|0,00|0,00|4290,16|772,23|0,00|0,00|643,52|27,89|128,70|0,00|0,00|
|C190|000|5101|18,00|4933,68|4290,16|772,23|0,00|0,00|0,00|643,52||
|C100|1|0|1531|55|00|1|000041397|35190171780456000160550010000413971005120791|29012019|29012019|4563,52|1|0,00|0,00|3968,28|1|0,00|0,00|0,00|3968,28|714,29|0,00|0,00|595,24|25,79|119,05|0,00|0,00|
|C190|000|5101|18,00|4563,52|3968,28|714,29|0,00|0,00|0,00|595,24||
|C100|1|0|002271|55|00|1|000041398|35190171780456000160550010000413981005120802|29012019|29012019|2415,00|1|0,00|0,00|2100,00|1|0,00|0,00|0,00|2100,00|378,00|0,00|0,00|315,00|13,65|63,00|0,00|0,00|
|C190|000|5101|18,00|2415,00|2100,00|378,00|0,00|0,00|0,00|315,00||
|C100|1|0|1531|55|00|1|000041399|35190171780456000160550010000413991005120818|29012019|29012019|5015,84|1|0,00|0,00|4361,60|1|0,00|0,00|0,00|4361,60|785,09|0,00|0,00|654,24|28,35|130,85|0,00|0,00|
|C190|000|5101|18,00|5015,84|4361,60|785,09|0,00|0,00|0,00|654,24||
|C100|1|0|1520|55|00|1|000041400|35190171780456000160550010000414001005120829|29012019|29012019|3694,17|1|0,00|0,00|3212,32|0|0,00|0,00|0,00|3212,32|578,22|0,00|0,00|481,85|20,88|96,37|0,00|0,00|
|C190|000|5101|18,00|3694,17|3212,32|578,22|0,00|0,00|0,00|481,85||
|C100|1|0|1996|55|00|1|000041401|35190171780456000160550010000414011005120834|29012019|29012019|2390,00|2|0,00|0,00|2390,00|1|0,00|0,00|0,00|0,00|0,00|0,00|0,00|0,00|0,00|0,00|0,00|0,00|
|C190|040|5901|0,00|2390,00|0,00|0,00|0,00|0,00|0,00|0,00||
|C100|1|0|2075|55|00|1|000041402|35190171780456000160550010000414021005120840|29012019|29012019|12296,36|1|0,00|0,00|12296,36|1|0,00|0,00|0,00|0,00|0,00|0,00|0,00|0,00|17,39|80,26|0,00|0,00|
|C190|090|5124|0,00|2675,40|0,00|0,00|0,00|0,00|0,00|0,00||
|C190|090|5902|0,00|9620,96|0,00|0,00|0,00|0,00|0,00|0,00||
|C100|1|0|1531|55|00|1|000041403|35190171780456000160550010000414031005120855|29012019|29012019|17416,06|1|0,00|0,00|15144,40|1|0,00|0,00|0,00|15144,40|2725,99|0,00|0,00|2271,66|98,45|454,33|0,00|0,00|
|C190|000|5101|18,00|17416,06|15144,40|2725,99|0,00|0,00|0,00|2271,66||
|C100|1|0|1531|55|00|1|000041404|35190171780456000160550010000414041005120860|29012019|29012019|7032,51|1|0,00|0,00|6115,23|1|0,00|0,00|0,00|6115,23|1100,74|0,00|0,00|917,28|39,75|183,46|0,00|0,00|
|C190|000|5101|18,00|7032,51|6115,23|1100,74|0,00|0,00|0,00|917,28||
|C100|1|0|4SU0SJYKM|55|00|1|000041405|35190171780456000160550010000414051005120876|29012019|29012019|10,35|2|0,00|0,00|9,00|1|0,00|0,00|0,00|9,00|1,62|0,00|0,00|1,35|0,00|0,00|0,00|0,00|
|C190|000|5911|18,00|10,35|9,00|1,62|0,00|0,00|0,00|1,35||
|C100|1|0|4JG0HZ65V|55|00|1|000041406|35190171780456000160550010000414061005120881|29012019|29012019|5098,50|1|0,00|0,00|5098,50|1|0,00|0,00|0,00|5098,50|917,73|0,00|0,00|0,00|33,16|152,96|0,00|0,00|
|C190|000|5101|18,00|5098,50|5098,50|917,73|0,00|0,00|0,00|0,00||
|C100|1|0|4JG0HZ65V|55|00|1|000041407|35190171780456000160550010000414071005120897|29012019|29012019|19500,00|2|0,00|0,00|19500,00|1|0,00|0,00|0,00|0,00|0,00|0,00|0,00|0,00|0,00|0,00|0,00|0,00|
|C190|090|5921|0,00|19500,00|0,00|0,00|0,00|0,00|0,00|0,00||
|C100|1|0|3VR0Y96YQ|55|00|1|000041408|35190171780456000160550010000414081005120908|29012019|29012019|22219,38|1|0,00|0,00|19321,20|0|0,00|0,00|0,00|19321,20|3477,82|0,00|0,00|2898,18|125,59|579,64|0,00|0,00|
|C190|000|5101|18,00|22219,38|19321,20|3477,82|0,00|0,00|0,00|2898,18||
|C100|1|0|4PA0WX9R4|55|00|1|000041409|35190171780456000160550010000414091005120913|29012019|29012019|782,00|1|0,00|0,00|680,00|1|0,00|0,00|0,00|680,00|81,60|0,00|0,00|102,00|4,42|20,40|0,00|0,00|
|C190|000|6101|12,00|782,00|680,00|81,60|0,00|0,00|0,00|102,00||
|C100|1|0|4RF0TTNTT|55|00|1|000041410|35190171780456000160550010000414101005120922|29012019|29012019|1759,50|1|0,00|0,00|1530,00|1|0,00|0,00|0,00|1530,00|183,60|0,00|0,00|229,50|9,95|45,90|0,00|0,00|
|C190|000|6101|12,00|1759,50|1530,00|183,60|0,00|0,00|0,00|229,50||
|C100|1|0||55|02|1|000041411|35190171780456000160550010000414111005120938|||||||||||||||||||||
|C100|1|0|2075|55|00|1|000041412|35190171780456000160550010000414121005120943|30012019|30012019|1872,49|1|0,00|0,00|1872,49|1|0,00|0,00|0,00|0,00|0,00|0,00|0,00|0,00|2,51|11,57|0,00|0,00|
|C190|090|5124|0,00|385,50|0,00|0,00|0,00|0,00|0,00|0,00||
|C190|090|5902|0,00|1486,99|0,00|0,00|0,00|0,00|0,00|0,00||
|C100|1|0|46B0JQ23D|55|00|1|000041413|35190171780456000160550010000414131005120959|30012019|30012019|7062,48|1|0,00|0,00|7062,48|0|0,00|0,00|0,00|7062,48|1271,25|0,00|0,00|0,00|45,91|211,87|0,00|0,00|
|C190|000|5101|18,00|7062,48|7062,48|1271,25|0,00|0,00|0,00|0,00||
|C100|1|0|574|55|00|1|000041414|35190171780456000160550010000414141005120964|30012019|30012019|1112,00|2|0,00|0,00|1112,00|1|0,00|0,00|0,00|0,00|0,00|0,00|0,00|0,00|0,00|0,00|0,00|0,00|
|C190|090|5949|0,00|1112,00|0,00|0,00|0,00|0,00|0,00|0,00||
|C100|1|0|1866|55|00|1|000041415|35190171780456000160550010000414151005120970|30012019|30012019|12826,68|1|0,00|0,00|11223,68|0|0,00|0,00|0,00|11223,68|2020,27|0,00|0,00|1603,00|72,96|336,71|0,00|0,00|
|C190|000|5101|18,00|12289,68|10686,68|1923,61|0,00|0,00|0,00|1603,00||
|C190|090|5101|18,00|537,00|537,00|96,66|0,00|0,00|0,00|0,00||
|C100|1|0|1996|55|00|1|000041416|35190171780456000160550010000414161005120985|30012019|30012019|1890,00|2|0,00|0,00|1890,00|1|0,00|0,00|0,00|0,00|0,00|0,00|0,00|0,00|0,00|0,00|0,00|0,00|
|C190|040|5901|0,00|1890,00|0,00|0,00|0,00|0,00|0,00|0,00||
|C100|1|0|4CH0O3IEN|55|00|1|000041417|35190171780456000160550010000414171005120990|30012019|30012019|46988,21|1|0,00|0,00|46988,21|0|0,00|0,00|0,00|46988,21|8457,88|0,00|0,00|0,00|305,42|1409,65|0,00|0,00|
|C190|000|5101|18,00|46988,21|46988,21|8457,88|0,00|0,00|0,00|0,00||
|C100|1|0|4CH0O3IEN|55|00|1|000041418|35190171780456000160550010000414181005121005|30012019|30012019|21984,95|1|0,00|0,00|21984,95|0|0,00|0,00|0,00|21984,95|3957,29|0,00|0,00|0,00|142,90|659,55|0,00|0,00|
|C190|000|5101|18,00|21984,95|21984,95|3957,29|0,00|0,00|0,00|0,00||
|C100|1|0|1342|55|00|1|000041419|35190171780456000160550010000414191005121010|30012019|30012019|3756,14|1|0,00|0,00|3756,14|0|0,00|0,00|0,00|3756,14|676,11|0,00|0,00|0,00|24,41|112,68|0,00|0,00|
|C190|000|5101|18,00|3756,14|3756,14|676,11|0,00|0,00|0,00|0,00||
|C100|1|0|1035|55|00|1|000041420|35190171780456000160550010000414201005121020|30012019|30012019|2875,00|1|0,00|0,00|2500,00|1|0,00|0,00|0,00|2500,00|450,00|0,00|0,00|375,00|16,25|75,00|0,00|0,00|
|C190|000|5101|18,00|2875,00|2500,00|450,00|0,00|0,00|0,00|375,00||
|C100|1|0|1691|55|00|1|000041421|35190171780456000160550010000414211005121035|30012019|30012019|1967,60|1|0,00|0,00|1967,60|1|0,00|0,00|0,00|1967,60|354,17|0,00|0,00|0,00|12,79|59,03|0,00|0,00|
|C190|000|5101|18,00|1967,60|1967,60|354,17|0,00|0,00|0,00|0,00||
|C100|1|0|4JG0HZ65V|55|00|1|000041422|35190171780456000160550010000414221005121040|30012019|30012019|798,00|2|0,00|0,00|798,00|1|0,00|0,00|0,00|0,00|0,00|0,00|0,00|0,00|0,00|0,00|0,00|0,00|
|C190|090|5921|0,00|798,00|0,00|0,00|0,00|0,00|0,00|0,00||
|C100|1|0|4JG0HZ65V|55|00|1|000041423|35190171780456000160550010000414231005121056|30012019|30012019|2510,00|1|0,00|0,00|2510,00|1|0,00|0,00|0,00|2510,00|451,80|0,00|0,00|0,00|16,33|75,30|0,00|0,00|
|C190|000|5101|18,00|2510,00|2510,00|451,80|0,00|0,00|0,00|0,00||
|C100|1|0|4JG0HZ65V|55|00|1|000041424|35190171780456000160550010000414241005121061|30012019|30012019|8304,00|2|0,00|0,00|8304,00|1|0,00|0,00|0,00|0,00|0,00|0,00|0,00|0,00|0,00|0,00|0,00|0,00|
|C190|090|5921|0,00|8304,00|0,00|0,00|0,00|0,00|0,00|0,00||
|C100|1|0|2075|55|00|1|000041425|35190171780456000160550010000414251005121077|30012019|30012019|1095,52|1|0,00|0,00|1095,52|1|0,00|0,00|0,00|0,00|0,00|0,00|0,00|0,00|2,56|11,81|0,00|0,00|
|C190|090|5124|0,00|393,60|0,00|0,00|0,00|0,00|0,00|0,00||
|C190|090|5902|0,00|701,92|0,00|0,00|0,00|0,00|0,00|0,00||
|C100|1|0|4SU0SJYKM|55|00|1|000041426|35190171780456000160550010000414261005121082|30012019|30012019|47446,48|1|0,00|0,00|47446,48|1|0,00|0,00|0,00|47446,48|8540,37|0,00|0,00|0,00|308,40|1423,40|0,00|0,00|
|C190|000|5101|18,00|47446,48|47446,48|8540,37|0,00|0,00|0,00|0,00||
|C100|1|0|4CH0O3IEN|55|00|1|000041427|35190171780456000160550010000414271005121098|30012019|30012019|10569,56|1|0,00|0,00|10569,56|0|0,00|0,00|0,00|10569,56|1902,52|0,00|0,00|0,00|68,70|317,09|0,00|0,00|
|C190|000|5101|18,00|10569,56|10569,56|1902,52|0,00|0,00|0,00|0,00||
|C100|1|0|4VP0NLI2X|55|00|1|000041428|35190171780456000160550010000414281005121109|30012019|30012019|11323,82|1|0,00|0,00|9846,80|0|0,00|0,00|0,00|9846,80|1772,42|0,00|0,00|1477,02|64,00|295,40|0,00|0,00|
|C190|000|5101|18,00|11323,82|9846,80|1772,42|0,00|0,00|0,00|1477,02||
|C100|1|0|5840I9M4Z|55|00|1|000041429|35190171780456000160550010000414291005121114|31012019|31012019|16093,40|1|0,00|0,00|16093,40|1|0,00|0,00|0,00|16093,40|1931,21|0,00|0,00|0,00|104,61|482,80|0,00|0,00|
|C190|000|6101|12,00|16093,40|16093,40|1931,21|0,00|0,00|0,00|0,00||
|C100|1|0|1388|55|00|1|000041430|35190171780456000160550010000414301005121123|31012019|31012019|1345,50|1|0,00|0,00|1170,00|0|0,00|0,00|0,00|1170,00|210,60|0,00|0,00|175,50|7,61|35,10|0,00|0,00|
|C190|000|5101|18,00|1345,50|1170,00|210,60|0,00|0,00|0,00|175,50||
|C100|1|0|2493|55|00|1|000041431|35190171780456000160550010000414311005121139|31012019|31012019|6520,50|1|0,00|0,00|5670,00|0|0,00|0,00|0,00|5670,00|1020,60|0,00|0,00|850,50|36,86|170,10|0,00|0,00|
|C190|000|5101|18,00|6520,50|5670,00|1020,60|0,00|0,00|0,00|850,50||
|C100|1|0|5581|55|00|1|000041432|35190171780456000160550010000414321005121144|31012019|31012019|49526,25|1|0,00|0,00|43066,30|0|0,00|0,00|0,00|43066,30|7751,93|0,00|0,00|6459,95|279,93|1291,99|0,00|0,00|
|C190|000|5101|18,00|49526,25|43066,30|7751,93|0,00|0,00|0,00|6459,95||
|C100|1|0|4B30HJZRP|55|00|1|000041433|35190171780456000160550010000414331005121150|31012019|31012019|12998,50|1|0,00|0,00|11303,04|0|0,00|0,00|0,00|11303,04|2034,55|0,00|0,00|1695,46|73,47|339,09|0,00|0,00|
|C190|000|5101|18,00|12998,50|11303,04|2034,55|0,00|0,00|0,00|1695,46||
|C100|1|0|4Z00OHCWF|55|00|1|000041434|35190171780456000160550010000414341005121165|31012019|31012019|5990,86|1|0,00|0,00|5990,86|0|0,00|0,00|0,00|5990,86|1078,35|0,00|0,00|0,00|38,94|179,73|0,00|0,00|
|C190|000|5101|18,00|5990,86|5990,86|1078,35|0,00|0,00|0,00|0,00||
|C100|1|0|4TR0SNCF8|55|00|1|000041435|35190171780456000160550010000414351005121170|31012019|31012019|19334,95|1|0,00|0,00|16813,00|0|0,00|0,00|0,00|16813,00|3026,34|0,00|0,00|2521,95|109,28|504,39|0,00|0,00|
|C190|000|5101|18,00|19334,95|16813,00|3026,34|0,00|0,00|0,00|2521,95||
|C100|1|0|1992|55|00|1|000041436|35190171780456000160550010000414361005121186|31012019|31012019|13729,00|1|0,00|0,00|13729,00|0|0,00|0,00|0,00|0,00|0,00|0,00|0,00|0,00|20,79|95,97|0,00|0,00|
|C190|041|5124|0,00|40,00|0,00|0,00|0,00|0,00|0,00|0,00||
|C190|090|5124|0,00|3159,00|0,00|0,00|0,00|0,00|0,00|0,00||
|C190|090|5902|0,00|10530,00|0,00|0,00|0,00|0,00|0,00|0,00||
|C100|1|0|57B0WWZ3H|55|00|1|000041437|35190171780456000160550010000414371005121191|31012019|31012019|34636,90|1|0,00|0,00|30119,04|1|0,00|0,00|0,00|30119,04|5421,43|0,00|0,00|4517,86|195,77|903,57|0,00|0,00|
|C190|000|5101|18,00|34636,90|30119,04|5421,43|0,00|0,00|0,00|4517,86||
|C100|1|0|2075|55|00|1|000041438|35190171780456000160550010000414381005121202|31012019|31012019|11695,20|1|0,00|0,00|11695,20|1|0,00|0,00|0,00|0,00|0,00|0,00|0,00|0,00|33,98|156,82|0,00|0,00|
|C190|090|5124|0,00|5227,20|0,00|0,00|0,00|0,00|0,00|0,00||
|C190|090|5902|0,00|6468,00|0,00|0,00|0,00|0,00|0,00|0,00||
|C100|1|0|2075|55|00|1|000041439|35190171780456000160550010000414391005121218|31012019|31012019|3898,40|1|0,00|0,00|3898,40|1|0,00|0,00|0,00|0,00|0,00|0,00|0,00|0,00|11,33|52,27|0,00|0,00|
|C190|090|5124|0,00|1742,40|0,00|0,00|0,00|0,00|0,00|0,00||
|C190|090|5902|0,00|2156,00|0,00|0,00|0,00|0,00|0,00|0,00||
|C100|1|0|4JG0HZ65V|55|00|1|000041441|35190171780456000160550010000414411005121232|31012019|31012019|3968,50|1|0,00|0,00|3968,50|1|0,00|0,00|0,00|3968,50|714,33|0,00|0,00|0,00|25,81|119,06|0,00|0,00|
|C190|000|5101|18,00|3968,50|3968,50|714,33|0,00|0,00|0,00|0,00||
|C100|1|0|4JG0HZ65V|55|00|1|000041442|35190171780456000160550010000414421005121248|31012019|31012019|10800,00|2|0,00|0,00|10800,00|1|0,00|0,00|0,00|0,00|0,00|0,00|0,00|0,00|0,00|0,00|0,00|0,00|
|C190|090|5921|0,00|10800,00|0,00|0,00|0,00|0,00|0,00|0,00||
|C100|1|0|4CH0O3IEN|55|00|1|000041443|35190171780456000160550010000414431005121253|31012019|31012019|3634,69|1|0,00|0,00|3634,69|0|0,00|0,00|0,00|3634,69|654,24|0,00|0,00|0,00|23,63|109,04|0,00|0,00|
|C190|000|5101|18,00|3634,69|3634,69|654,24|0,00|0,00|0,00|0,00||
|C100|1|0|5DI0IBPDJ|55|00|1|000041444|35190171780456000160550010000414441005121269|31012019|31012019|5280,00|1|0,00|0,00|5280,00|1|0,00|0,00|0,00|5280,00|369,60|0,00|0,00|0,00|34,32|158,40|0,00|0,00|
|C190|000|6101|7,00|5280,00|5280,00|369,60|0,00|0,00|0,00|0,00||
|C100|1|0|52E0SY2Q3|55|00|1|000041445|35190171780456000160550010000414451005121274|31012019|31012019|1053,40|1|0,00|0,00|916,00|1|0,00|0,00|0,00|916,00|109,92|0,00|0,00|137,40|5,95|27,48|0,00|0,00|
|C190|000|6101|12,00|1053,40|916,00|109,92|0,00|0,00|0,00|137,40||
|C100|1|0|4220WP2P0|55|00|1|000041446|35190171780456000160550010000414461005121280|31012019|31012019|2788,50|1|0,00|0,00|2788,50|1|0,00|0,00|0,00|2788,50|195,20|0,00|0,00|0,00|18,13|83,66|0,00|0,00|
|C190|000|6101|7,00|2788,50|2788,50|195,20|0,00|0,00|0,00|0,00||
|C500|0|1|2381|06|00|U||04|024652197|31122018|02012019|78280,54|0,00|78280,54|1565,61|0,00|0,00|76714,93|13808,69|0,00|0,00||0,00|0,00|3|03|
|C590|000|1252|18,00|78280,54|76714,93|13808,69|0,00|0,00|0,00||
|C990|1308|
|D001|0|
|D100|0|1|5EO0IYTQS|57|00|0||000128501|35190104137177000195570000001285011000432321|03012019|03012019|0||93,76|0,00|0|93,76|0,00|0,00|0,00|||3549904|3518800|
|D190|000|1352|0,00|93,76|0,00|0,00|0,00||
|D100|0|1|5EO0IYU3U|57|00|1||000297566|35190103728172000174570010002975661002980425|23012019|23012019|0||989,40|0,00|0|989,40|0,00|0,00|0,00|||3516705|3518800|
|D190|000|1352|0,00|989,40|0,00|0,00|0,00||
|D500|0|1|413|22|00|UT||005872014|01012019|01012019|387,75|0,00|0,00|0,00|0,00|0,00|0,00|0,00||0,00|0,00|||
|D590|000|1302|0,00|387,75|0,00|0,00|0,00|0,00|0,00||
|D500|0|1|413|22|00|UT||005898068|01012019|01012019|327,39|0,00|0,00|0,00|0,00|0,00|0,00|0,00||0,00|0,00|||
|D590|000|1302|0,00|327,39|0,00|0,00|0,00|0,00|0,00||
|D500|0|1|2553|22|00|AA||006407837|08012019|08012019|244,95|0,00|0,00|0,00|0,00|0,00|0,00|0,00||0,00|0,00|||
|D590|000|1302|0,00|244,95|0,00|0,00|0,00|0,00|0,00||
|D500|0|1|413|22|00|UT||006425342|18012019|18012019|966,25|0,00|0,00|0,00|0,00|0,00|0,00|0,00||0,00|0,00|||
|D590|000|1302|0,00|966,25|0,00|0,00|0,00|0,00|0,00||
|D500|0|1|413|22|00|UT||031453577|23122018|02012019|229,99|0,00|0,00|0,00|0,00|0,00|0,00|0,00||0,00|0,00|||
|D590|000|1302|0,00|229,99|0,00|0,00|0,00|0,00|0,00||
|D500|0|1|413|22|00|UT||034516144|03012019|03012019|133,33|0,00|0,00|0,00|0,00|0,00|0,00|0,00||0,00|0,00|||
|D590|000|1302|0,00|133,33|0,00|0,00|0,00|0,00|0,00||
|D500|0|1|413|22|00|1||037227554|23012019|23012019|229,99|0,00|0,00|0,00|0,00|0,00|0,00|0,00||0,00|0,00|||
|D590|000|1302|0,00|229,99|0,00|0,00|0,00|0,00|0,00||
|D990|20|
|E001|0|
|E100|01012019|31012019|
|E110|250965,59|0,00|0,00|0,00|112922,47|0,00|0,00|0,00|0,00|138043,12|0,00|138043,12|0,00|0,00|
|E116|000|138043,12|20022019|046-2|||||012019|
|E200|SP|01012019|31012019|
|E210|0|0,00|0,00|0,00|0,00|0,00|0,00|0,00|0,00|0,00|0,00|0,00|0,00|0,00|
|E500|0|01012019|31012019|
|E510|1101|00|266455,38|249708,86|16746,52|
|E510|1101|01|8963,74|0,00|0,00|
|E510|1101|03|4350,00|0,00|0,00|
|E510|1101|49|6628,50|0,00|0,00|
|E510|1124|03|10277,95|0,00|0,00|
|E510|1124|49|31000,00|0,00|0,00|
|E510|1551|03|2400,09|0,00|0,00|
|E510|1556|00|4357,26|0,00|0,00|
|E510|1556|02|550,00|0,00|0,00|
|E510|1556|03|4038,26|0,00|0,00|
|E510|1556|49|12163,32|0,00|0,00|
|E510|1604|00|0,00|0,00|0,00|
|E510|1653|49|8205,44|0,00|0,00|
|E510|1901|03|91699,65|0,00|0,00|
|E510|1901|05|78250,00|0,00|0,00|
|E510|1902|03|5495,43|0,00|0,00|
|E510|1902|49|27251,25|0,00|0,00|
|E510|1915|03|9100,00|0,00|0,00|
|E510|1916|03|45000,00|0,00|0,00|
|E510|1916|49|4000,00|0,00|0,00|
|E510|1918|49|50000,00|0,00|0,00|
|E510|1920|03|16000,00|0,00|0,00|
|E510|1920|05|256602,00|0,00|0,00|
|E510|1921|01|575,00|0,00|0,00|
|E510|1921|03|363,00|0,00|0,00|
|E510|1923|03|13058,75|0,00|0,00|
|E510|1924|03|68818,75|0,00|0,00|
|E510|1949|03|141,50|0,00|0,00|
|E510|1949|49|14588,70|0,00|0,00|
|E510|2101|00|439114,43|418204,21|20910,22|
|E510|2101|01|3612,39|0,00|0,00|
|E510|2101|03|3944,20|0,00|0,00|
|E510|2111|03|11448,31|0,00|0,00|
|E510|2556|00|1455,23|0,00|0,00|
|E510|2917|01|15195,11|0,00|0,00|
|E510|2924|00|83593,90|0,00|0,00|
|E510|5101|50|887376,56|771405,62|115433,94|
|E510|5101|55|498369,86|0,00|0,00|
|E510|5101|99|3096,00|0,00|0,00|
|E510|5119|50|7245,00|6300,00|945,00|
|E510|5124|55|78397,97|0,00|0,00|
|E510|5901|55|31988,25|0,00|0,00|
|E510|5902|55|141066,98|0,00|0,00|
|E510|5902|99|42157,78|0,00|0,00|
|E510|5903|99|3012,48|0,00|0,00|
|E510|5911|50|36,28|31,55|4,73|
|E510|5915|50|2000,00|0,00|0,00|
|E510|5915|99|37000,00|0,00|0,00|
|E510|5916|99|9254,00|0,00|0,00|
|E510|5920|99|1383,00|0,00|0,00|
|E510|5921|99|225190,00|0,00|0,00|
|E510|5923|99|6300,00|0,00|0,00|
|E510|5949|55|1112,00|0,00|0,00|
|E510|5949|99|4320,00|0,00|0,00|
|E510|6101|50|108886,53|94683,93|14202,60|
|E510|6101|53|39452,50|0,00|0,00|
|E510|6101|55|89531,00|0,00|0,00|
|E510|6101|99|9328,00|0,00|0,00|
|E510|6109|52|4836,00|0,00|0,00|
|E510|6911|50|394,34|342,90|51,44|
|E510|6919|53|310,19|0,00|0,00|
|E510|6919|99|11138,12|0,00|0,00|
|E520|0,00|130637,71|37656,74|0,00|0,00|0,00|92980,97|
|E990|71|
|G001|0|
|G110|01012019|31012019|36158,30|753,30|1615269,45|1726519,42|0,93556402|704,76|0,00|
|G125|03|01012019|SI|468,80|0,00|0,00|0,00|41|9,77|
|G125|04|01012019|SI|599,89|0,00|0,00|0,00|39|12,50|
|G125|05|01012019|SI|394,27|0,00|0,00|0,00|39|8,21|
|G125|06|01012019|SI|309,45|0,00|0,00|0,00|39|6,45|
|G125|07|01012019|SI|720,00|0,00|0,00|0,00|35|15,00|
|G125|8|01012019|SI|380,84|0,00|0,00|0,00|35|7,93|
|G125|9|01012019|SI|391,61|0,00|0,00|0,00|35|8,16|
|G125|10|01012019|SI|10560,96|0,00|0,00|0,00|33|220,02|
|G125|11|01012019|SI|7040,16|0,00|0,00|0,00|31|146,67|
|G125|12|01012019|SI|864,00|0,00|0,00|0,00|28|18,00|
|G125|13|01012019|SI|568,00|0,00|0,00|0,00|26|11,83|
|G125|010|01012019|SI|13860,32|0,00|0,00|0,00|8|288,76|
|G990|15|
|H001|1|
|H990|2|
|K001|0|
|K100|01012019|31012019|
|K200|31012019|Y-1BD200172|3550,000|0||
|K200|31012019|Y-1AD10001|0,000|0||
|K200|31012019|Y-1AD100021|2125,000|0||
|K200|31012019|Y-1BD20067|0,000|0||
|K200|31012019|Y-1BD20056|20574,000|0||
|K200|31012019|Y-1BD20040|6125,000|0||
|K200|31012019|Y-1BD20003|0,000|0||
|K200|31012019|Y-1BD200175|600,000|0||
|K200|31012019|Y-1BD20037|0,000|0||
|K200|31012019|Y-1BD200016|1700,000|0||
|K200|31012019|Y-1BD200102|0,000|0||
|K200|31012019|Y-1BD200030|3525,000|0||
|K200|31012019|Y-1AD10004|0,000|0||
|K200|31012019|Y-1AD10017|0,000|0||
|K200|31012019|Y-1BD20086|0,000|0||
|K200|31012019|Y-1BD20090|2025,000|0||
|K200|31012019|Y-1BD20014|0,000|0||
|K200|31012019|Y-1BD20083|0,000|0||
|K200|31012019|Y-1BD20005|13075,000|0||
|K200|31012019|Y-1BD20017|0,000|0||
|K200|31012019|Y-1BD200103|0,000|0||
|K200|31012019|Y-1REC0015|15875,000|0||
|K200|31012019|Y-1REC0015|0,000|0||
|K200|31012019|Y-1REC0002|1575,000|0||
|K200|31012019|Y-1REC0002|0,000|0||
|K200|31012019|Y-1REC0003|1625,000|0||
|K200|31012019|Y-1REC0003|2175,000|0||
|K200|31012019|Y-1REC0008|6704,000|0||
|K200|31012019|Y-1PIG00020|0,000|0||
|K200|31012019|Y-1PIG00025|100,000|0||
|K200|31012019|Y-1PIG0067|17,000|0||
|K200|31012019|Y-1PIG00025|25,000|0||
|K200|31012019|Y-1PIG0023|59,000|0||
|K200|31012019|Y-1PIG0002|7,000|0||
|K200|31012019|Y-1REC0007|33,000|0||
|K200|31012019|Y-1PIG0064|20,000|0||
|K200|31012019|Y-1REC0006|28,000|0||
|K200|31012019|Y-1PIG0034|0,000|0||
|K200|31012019|Y-1PIG0040|0,000|0||
|K200|31012019|Y-1PIG0062|4,000|0||
|K200|31012019|Y-1PIG0063|73,000|0||
|K200|31012019|Y-1PIG0066|40,000|0||
|K200|31012019|Y-1PIG0007|0,000|0||
|K200|31012019|Y-1ADI00027|14,000|0||
|K200|31012019|Y-1ADI0008|0,000|0||
|K200|31012019|Y-1ADI0007|0,000|0||
|K200|31012019|Y-1ADI00033|0,000|0||
|K200|31012019|Y-60000064|31,000|0||
|K200|31012019|Y-1ADI00036|0,000|0||
|K200|31012019|Y-1ADI00034|122,000|0||
|K200|31012019|Y-1ADI00026|150,000|0||
|K200|31012019|Y-1ADI00039|613,000|0||
|K200|31012019|Y-1ADI00038|0,000|0||
|K200|31012019|Y-1ADI00040|50,000|0||
|K200|31012019|Y-1BD200181|0,000|0||
|K200|31012019|Y-1BD200182|0,000|0||
|K200|31012019|Y-1BD200177|0,000|0||
|K200|31012019|Y-1-BD200179|0,000|0||
|K990|61|
|1001|0|
|1010|N|N|N|N|N|N|N|N|N|N|N|N|
|1990|3|
|9001|0|
|9900|0000|1|
|9900|0001|1|
|9900|0005|1|
|9900|0100|1|
|9900|0150|151|
|9900|0175|22|
|9900|0190|21|
|9900|0200|246|
|9900|0206|4|
|9900|0220|2|
|9900|0300|12|
|9900|0305|12|
|9900|0400|4|
|9900|0450|1|
|9900|0460|1|
|9900|0500|2|
|9900|0600|3|
|9900|0990|1|
|9900|1001|1|
|9900|1010|1|
|9900|1990|1|
|9900|9001|1|
|9900|B001|1|
|9900|B990|1|
|9900|C001|1|
|9900|C100|459|
|9900|C110|18|
|9900|C170|296|
|9900|C190|515|
|9900|C195|16|
|9900|C500|1|
|9900|C590|1|
|9900|C990|1|
|9900|D001|1|
|9900|D100|2|
|9900|D190|2|
|9900|D500|7|
|9900|D590|7|
|9900|D990|1|
|9900|E001|1|
|9900|E100|1|
|9900|E110|1|
|9900|E116|1|
|9900|E200|1|
|9900|E210|1|
|9900|E500|1|
|9900|E510|62|
|9900|E520|1|
|9900|E990|1|
|9900|G001|1|
|9900|G110|1|
|9900|G125|12|
|9900|G990|1|
|9900|H001|1|
|9900|H990|1|
|9900|K001|1|
|9900|K100|1|
|9900|K200|58|
|9900|K990|1|
|9900|9900|62|
|9900|9990|1|
|9900|9999|1|
|9990|65|
|9999|2033|